{"prime":"sa","number_set":{"balancesheet":[["Share Capital",{"2008-03-31":47.98,"2016-03-31":80.0,"2014-03-31":80.0,"2011-03-31":79.97,"2015-03-31":80.0,"2013-03-31":79.97,"2006-03-31":47.98,"2012-03-31":79.97,"2017-03-31":80.0,"2010-03-31":79.97,"2009-03-31":47.98,"2007-03-31":47.98}],["Reserves",{"2008-03-31":205.19,"2016-03-31":101.08,"2014-03-31":47.03,"2011-03-31":94.47,"2015-03-31":19.2,"2013-03-31":54.48,"2006-03-31":180.34,"2012-03-31":42.52,"2017-03-31":247.12,"2010-03-31":136.66,"2009-03-31":138.58,"2007-03-31":198.01}],["Borrowings",{"2008-03-31":847.49,"2016-03-31":731.33,"2014-03-31":339.73,"2011-03-31":1040.98,"2015-03-31":683.54,"2013-03-31":763.25,"2006-03-31":271.28,"2012-03-31":979.81,"2017-03-31":434.58,"2010-03-31":1191.84,"2009-03-31":1244.49,"2007-03-31":490.02}],["Other Liabilities",{"2008-03-31":342.09,"2016-03-31":1242.43,"2014-03-31":1573.79,"2011-03-31":849.83,"2015-03-31":1456.56,"2013-03-31":1194.25,"2006-03-31":172.34,"2012-03-31":970.38,"2017-03-31":1653.71,"2010-03-31":784.45,"2009-03-31":443.07,"2007-03-31":211.57}],["Total Liabilities",{"2008-03-31":1442.75,"2016-03-31":2154.84,"2014-03-31":2040.55,"2011-03-31":2065.25,"2015-03-31":2239.3,"2013-03-31":2091.95,"2006-03-31":671.94,"2012-03-31":2072.68,"2017-03-31":2415.41,"2010-03-31":2192.92,"2009-03-31":1874.12,"2007-03-31":947.58}],["Fixed Assets",{"2008-03-31":673.04,"2016-03-31":1107.08,"2014-03-31":1205.97,"2011-03-31":1399.46,"2015-03-31":1154.14,"2013-03-31":1223.51,"2006-03-31":390.81,"2012-03-31":1359.93,"2017-03-31":1066.64,"2010-03-31":1464.89,"2009-03-31":695.09,"2007-03-31":520.1}],["CWIP",{"2008-03-31":489.07,"2016-03-31":8.64,"2014-03-31":6.63,"2011-03-31":5.17,"2015-03-31":10.58,"2013-03-31":61.43,"2006-03-31":82.26,"2012-03-31":7.24,"2017-03-31":6.08,"2010-03-31":2.47,"2009-03-31":753.3,"2007-03-31":219.74}],["Investments",{"2008-03-31":1.65,"2016-03-31":242.89,"2014-03-31":0.75,"2011-03-31":1.78,"2015-03-31":0.75,"2013-03-31":0.75,"2006-03-31":0.03,"2012-03-31":1.78,"2017-03-31":607.78,"2010-03-31":0.38,"2009-03-31":1.65,"2007-03-31":1.65}],["Other Assets",{"2008-03-31":278.99,"2016-03-31":796.23,"2014-03-31":827.2,"2011-03-31":658.84,"2015-03-31":1073.83,"2013-03-31":806.26,"2006-03-31":198.84,"2012-03-31":703.73,"2017-03-31":734.91,"2010-03-31":725.18,"2009-03-31":424.08,"2007-03-31":206.09}],["Total Assets",{"2008-03-31":1442.75,"2016-03-31":2154.84,"2014-03-31":2040.55,"2011-03-31":2065.25,"2015-03-31":2239.3,"2013-03-31":2091.95,"2006-03-31":671.94,"2012-03-31":2072.68,"2017-03-31":2415.41,"2010-03-31":2192.92,"2009-03-31":1874.12,"2007-03-31":947.58}]],"annual":[["Sales",{"2008-03-31":640.18,"2016-03-31":2492.97,"2014-03-31":2966.42,"2011-03-31":1920.87,"2015-03-31":0.0,"2013-03-31":2243.22,"2006-03-31":587.19,"2012-03-31":2129.7,"2017-03-31":2903.02,"2010-03-31":933.68,"2009-03-31":674.78,"2007-03-31":612.63}],["Expenses",{"2016-03-31":2142.62,"2014-03-31":2749.24,"2011-03-31":1747.82,"2015-03-31":-158.19,"2013-03-31":2000.35,"2012-03-31":1955.77,"2017-03-31":2448.33,"2010-03-31":954.01,"2009-03-31":709.06}],["Operating Profit",{"2016-03-31":350.35,"2014-03-31":217.18,"2011-03-31":173.05,"2015-03-31":158.19,"2013-03-31":242.87,"2012-03-31":173.93,"2017-03-31":454.69,"2010-03-31":-20.33,"2009-03-31":-34.28}],["OPM",{"2016-03-31":14.05,"2014-03-31":7.32,"2011-03-31":9.01,"2015-03-31":"--","2013-03-31":10.83,"2012-03-31":8.17,"2017-03-31":15.66,"2010-03-31":-2.18,"2009-03-31":-5.08}],["Other Income",{"2008-03-31":80.28,"2016-03-31":19.93,"2014-03-31":32.21,"2011-03-31":16.62,"2015-03-31":26.78,"2013-03-31":12.95,"2006-03-31":25.92,"2012-03-31":10.72,"2017-03-31":28.02,"2010-03-31":51.33,"2009-03-31":65.67,"2007-03-31":7.74}],["Interest",{"2008-03-31":44.77,"2016-03-31":162.5,"2014-03-31":167.42,"2011-03-31":156.41,"2015-03-31":162.93,"2013-03-31":150.46,"2006-03-31":17.24,"2012-03-31":161.36,"2017-03-31":71.92,"2010-03-31":124.69,"2009-03-31":76.5,"2007-03-31":21.99}],["Depreciation",{"2008-03-31":45.2,"2016-03-31":64.95,"2014-03-31":91.48,"2011-03-31":92.78,"2015-03-31":57.18,"2013-03-31":93.89,"2006-03-31":36.01,"2012-03-31":93.39,"2017-03-31":68.72,"2010-03-31":76.38,"2009-03-31":53.96,"2007-03-31":34.45}],["Profit before tax",{"2008-03-31":8.0,"2016-03-31":142.83,"2014-03-31":-9.49,"2011-03-31":-59.52,"2015-03-31":-35.14,"2013-03-31":11.49,"2006-03-31":46.02,"2012-03-31":-70.1,"2017-03-31":342.08,"2010-03-31":-170.07,"2009-03-31":-99.07,"2007-03-31":32.19}],["Tax",{"2008-03-31":0.82,"2016-03-31":60.95,"2014-03-31":-1.62,"2011-03-31":-18.89,"2015-03-31":-9.64,"2013-03-31":-0.47,"2006-03-31":9.31,"2012-03-31":-18.15,"2017-03-31":196.04,"2010-03-31":-41.9,"2009-03-31":-32.46,"2007-03-31":14.52}],["Net Profit",{"2008-03-31":7.18,"2016-03-31":81.88,"2014-03-31":-7.87,"2011-03-31":-40.63,"2015-03-31":-25.5,"2013-03-31":11.95,"2006-03-31":36.71,"2012-03-31":-51.95,"2017-03-31":146.04,"2010-03-31":-128.17,"2009-03-31":-66.61,"2007-03-31":17.67}],["EPS (unadj)",{"2008-03-31":0.15,"2016-03-31":10.24,"2014-03-31":0.0,"2011-03-31":0.0,"2015-03-31":0.0,"2013-03-31":0.15,"2006-03-31":0.77,"2012-03-31":0.0,"2017-03-31":18.26,"2010-03-31":0.0,"2009-03-31":0.0,"2007-03-31":0.37}],["Dividend Payout",{"2008-03-31":0.0,"2016-03-31":0.0,"2014-03-31":-0.0,"2011-03-31":-0.0,"2015-03-31":-0.0,"2013-03-31":0.0,"2006-03-31":0.0,"2012-03-31":-0.0,"2017-03-31":0.0,"2010-03-31":-0.0,"2009-03-31":-0.0,"2007-03-31":0.0}]],"cashflow":[["Cash from Operating Activity",{"2008-03-31":12.88,"2016-03-31":176.5,"2014-03-31":575.39,"2011-03-31":367.61,"2015-03-31":112.83,"2013-03-31":291.0,"2006-03-31":72.34,"2012-03-31":239.44,"2017-03-31":649.13,"2010-03-31":277.59,"2009-03-31":49.61,"2007-03-31":84.31}],["Cash from Investing Activity",{"2008-03-31":-443.4,"2016-03-31":-246.65,"2014-03-31":-13.98,"2011-03-31":-48.96,"2015-03-31":5.0,"2013-03-31":16.99,"2006-03-31":-118.43,"2012-03-31":-54.4,"2017-03-31":-394.44,"2010-03-31":-142.97,"2009-03-31":-336.28,"2007-03-31":-277.77}],["Cash from Financing Activity",{"2008-03-31":432.36,"2016-03-31":-113.21,"2014-03-31":-588.87,"2011-03-31":-309.23,"2015-03-31":178.03,"2013-03-31":-241.33,"2006-03-31":46.45,"2012-03-31":-219.3,"2017-03-31":-350.35,"2010-03-31":-141.93,"2009-03-31":318.76,"2007-03-31":192.57}],["Net Cash Flow",{"2008-03-31":1.84,"2016-03-31":-183.37,"2014-03-31":-27.46,"2011-03-31":9.42,"2015-03-31":295.85,"2013-03-31":66.66,"2006-03-31":0.36,"2012-03-31":-34.26,"2017-03-31":-95.66,"2010-03-31":-7.31,"2009-03-31":32.09,"2007-03-31":-0.89}]],"quarters":[["Sales",{}],["Expenses",{}],["Operating Profit",{}],["OPM",{}],["Other Income",{}],["Depreciation",{}],["Interest",{}],["Profit before tax",{}],["Tax",{}],["Net Profit",{}]]},"bse_code":"506355","short_name":"Chemplast Sanmar","nse_code":"CHEMPLAST","companyrating_set":[{"rating__rating":"IND BBB+(Stable)","instrument":"Long Term Rating","rating__source":"fitch","link":"http://www.indiaratings.co.in/search/search.jsp?q\u003dChemplast Sanmar Ltd"},{"rating__rating":"IND A2+(Stable)","instrument":"Short Term","rating__source":"fitch","link":"http://www.indiaratings.co.in/search/search.jsp?q\u003dChemplast Sanmar Ltd"}],"annualreport_set":[{"source":"bse","report_date":2011,"link":"http://www.bseindia.com/bseplus/annualreport/506355/5063550311.pdf"},{"source":"nse","report_date":2011,"link":"http://nseindia.com/annual_reports/AR_CHEMPLAST_2010_2011_14072011120506.zip"},{"source":"bse","report_date":2010,"link":"http://www.bseindia.com/bseplus/annualreport/506355/5063550310.pdf"},{"source":"nse","report_date":2010,"link":"http://nseindia.com/annual_reports/AR_CHEMPLAST_2009_2010_18082010121500.zip"}],"announcement_set":[{"ann_date":"13 Jun 2012","announcement":"Updates on Delisting Offer","link":"http://beta.bseindia.com/corporates/anndet_new.aspx?newsid\u003da1dc0cc4-e3d4-4727-a70e-ae2bc802950d"},{"ann_date":"29 May 2012","announcement":"Financial Results for March 31, 2012","link":"http://beta.bseindia.com/corporates/anndet_new.aspx?newsid\u003d37f1b386-530b-45c4-a2c4-efa2b28f0976"},{"ann_date":"21 May 2012","announcement":"Publish Audited Results","link":"http://beta.bseindia.com/corporates/anndet_new.aspx?newsid\u003d88090e95-daeb-4692-ab48-d25277e6c740"},{"ann_date":"04 May 2012","announcement":"Disclosures under Reg. 29(2) of SEBI (SAST) Regulations, 2011","link":"http://beta.bseindia.com/corporates/anndet_new.aspx?newsid\u003dca438fca-b935-4de5-b827-9bca1e227dec"},{"ann_date":"24 Apr 2012","announcement":"Updates on Delisting Offer","link":"http://beta.bseindia.com/corporates/anndet_new.aspx?newsid\u003d2a6ed225-f623-43f1-94f4-9e709da6cb3d"}],"warehouse_set":{"high_price":14.99,"low_price":3.75,"sales_growth":16.45,"face_value":1.0,"id":776,"sales_growth_3years":-0.72,"average_return_on_equity_3years":46.51,"status":"Delisted","sales_growth_10years":18.29,"average_return_on_equity_10years":2.57,"profit_growth":78.36,"profit_growth_10years":62.56,"industry":"Plastic Products","analysis":{"remarks":[],"bad":["The company has delivered a poor growth of 6.39% over past five years."],"good":["Company has reduced debt.","Company has a good return on equity (ROE) track record: 3 Years ROE 46.51%"]},"result_type":"sa","sales_growth_5years":6.39,"return_on_equity":60.87,"average_return_on_equity_5years":33.06},"id":634,"name":"Chemplast Sanmar Ltd","screenerStockPrice":{"prices":[3.93,3.9,3.5,3.08,3.03,2.69,2.45,2.5,2.73,2.59,2.26,2.29,2.13,1.46,1.7,1.73,2.2,2.07,2.69,2.58,2.89,2.97,3.2,3.87,3.57,3.82,4.76,3.82,4.07,3.97,3.93,4.12,3.85,4.3,4.51,6.11,6.86,7.0,6.3,7.77,9.42,8.73,10.29,9.66,10.06,8.95,7.73,8.06,8.34,8.45,8.04,8.31,9.58,8.72,8.35,8.65,8.9,8.1,8.19,8.57,8.22,7.09,5.08,6.24,5.72,5.0,5.89,7.91,7.78,7.17,6.85,6.48,7.27,6.81,6.81,6.36,6.6,8.72,7.36,9.04,7.71,6.82,6.98,8.21,7.04,7.29,6.98,7.0,6.68,7.67,7.19,6.94,6.68,7.46,8.06,7.92,6.73,7.25,12.7,11.14,18.48,20.4,16.6,12.65,11.01,9.68,9.09,8.73,8.13,9.67,9.08,8.41,8.04,7.18,6.83,7.08,7.42,6.99,7.05,6.3,5.05,4.4,4.54,3.93,3.64,3.9,4.02,3.75,3.6,3.59,3.38,3.58,4.93,4.44,4.2,6.42,6.0,5.76,4.9,5.36,5.89,6.22,6.9,6.81,12.04,10.37,9.15,9.09,10.74,10.37,10.39,10.45,9.09,8.94,9.0,9.99,9.66,9.92,9.41,9.66,8.99,8.9,9.54,9.41,9.02,9.14,8.64,9.17,8.82,9.07,8.91,8.55,8.25,7.88,7.6,8.02,7.01,6.41,6.73,6.16,5.76,6.28,7.04,7.4,7.15,6.94,7.25,6.56,6.9,8.24,6.2,6.01,6.24,5.9,5.49,5.5,5.42,4.54,4.47,4.08,3.96,4.65,6.02,5.62,5.81,6.09,6.19,6.95,10.22,14.6,14.72,14.85],"dates":["17 Dec 2003","01 Jan 2004","15 Jan 2004","30 Jan 2004","16 Feb 2004","01 Mar 2004","16 Mar 2004","31 Mar 2004","19 Apr 2004","05 May 2004","19 May 2004","02 Jun 2004","16 Jun 2004","30 Jun 2004","14 Jul 2004","28 Jul 2004","11 Aug 2004","25 Aug 2004","08 Sep 2004","22 Sep 2004","06 Oct 2004","20 Oct 2004","04 Nov 2004","19 Nov 2004","06 Dec 2004","20 Dec 2004","03 Jan 2005","17 Jan 2005","02 Feb 2005","16 Feb 2005","02 Mar 2005","16 Mar 2005","31 Mar 2005","15 Apr 2005","29 Apr 2005","13 May 2005","27 May 2005","09 Jun 2005","23 Jun 2005","07 Jul 2005","21 Jul 2005","05 Aug 2005","22 Aug 2005","05 Sep 2005","20 Sep 2005","04 Oct 2005","19 Oct 2005","02 Nov 2005","21 Nov 2005","02 Dec 2005","16 Dec 2005","30 Dec 2005","16 Jan 2006","31 Jan 2006","15 Feb 2006","01 Mar 2006","16 Mar 2006","30 Mar 2006","18 Apr 2006","02 May 2006","16 May 2006","30 May 2006","13 Jun 2006","26 Jun 2006","10 Jul 2006","24 Jul 2006","07 Aug 2006","22 Aug 2006","05 Sep 2006","19 Sep 2006","04 Oct 2006","18 Oct 2006","02 Nov 2006","16 Nov 2006","30 Nov 2006","14 Dec 2006","29 Dec 2006","15 Jan 2007","31 Jan 2007","14 Feb 2007","01 Mar 2007","15 Mar 2007","30 Mar 2007","16 Apr 2007","30 Apr 2007","16 May 2007","30 May 2007","13 Jun 2007","27 Jun 2007","11 Jul 2007","25 Jul 2007","08 Aug 2007","23 Aug 2007","06 Sep 2007","20 Sep 2007","05 Oct 2007","19 Oct 2007","02 Nov 2007","16 Nov 2007","30 Nov 2007","14 Dec 2007","01 Jan 2008","15 Jan 2008","29 Jan 2008","12 Feb 2008","26 Feb 2008","12 Mar 2008","28 Mar 2008","11 Apr 2008","29 Apr 2008","14 May 2008","29 May 2008","12 Jun 2008","26 Jun 2008","10 Jul 2008","24 Jul 2008","07 Aug 2008","22 Aug 2008","08 Sep 2008","22 Sep 2008","07 Oct 2008","22 Oct 2008","06 Nov 2008","21 Nov 2008","08 Dec 2008","23 Dec 2008","07 Jan 2009","22 Jan 2009","06 Feb 2009","20 Feb 2009","09 Mar 2009","25 Mar 2009","13 Apr 2009","28 Apr 2009","14 May 2009","29 May 2009","12 Jun 2009","26 Jun 2009","10 Jul 2009","24 Jul 2009","07 Aug 2009","21 Aug 2009","04 Sep 2009","18 Sep 2009","07 Oct 2009","22 Oct 2009","06 Nov 2009","20 Nov 2009","04 Dec 2009","18 Dec 2009","06 Jan 2010","20 Jan 2010","04 Feb 2010","18 Feb 2010","05 Mar 2010","19 Mar 2010","06 Apr 2010","21 Apr 2010","05 May 2010","19 May 2010","02 Jun 2010","16 Jun 2010","30 Jun 2010","14 Jul 2010","28 Jul 2010","11 Aug 2010","25 Aug 2010","08 Sep 2010","23 Sep 2010","07 Oct 2010","21 Oct 2010","04 Nov 2010","19 Nov 2010","03 Dec 2010","20 Dec 2010","03 Jan 2011","17 Jan 2011","01 Feb 2011","15 Feb 2011","01 Mar 2011","16 Mar 2011","30 Mar 2011","15 Apr 2011","02 May 2011","16 May 2011","30 May 2011","13 Jun 2011","27 Jun 2011","11 Jul 2011","25 Jul 2011","08 Aug 2011","23 Aug 2011","08 Sep 2011","22 Sep 2011","07 Oct 2011","21 Oct 2011","08 Nov 2011","23 Nov 2011","08 Dec 2011","22 Dec 2011","05 Jan 2012","18 Jan 2012","02 Feb 2012","16 Feb 2012","02 Mar 2012","16 Mar 2012","30 Mar 2012","17 Apr 2012","30 Apr 2012","15 May 2012","29 May 2012","12 Jun 2012"],"id":"634"},"stockPricesEventDays":{"exRightsStocks":{"20090320":3.66,"20090224":3.59,"20090202":3.65,"20090323":3.8,"20090302":3.77,"20090203":3.61,"20090324":3.58,"20090401":4.87,"20090303":3.79,"20090226":3.85,"20090204":3.57,"20090127":3.6,"20090325":3.58,"20090402":5.01,"20090304":3.78,"20090227":3.77,"20090205":3.7,"20090128":3.8,"20090326":3.6,"20090305":3.67,"20090206":3.6,"20090129":3.89,"20090327":3.66,"20090220":3.59,"20090306":3.55,"20090209":3.7,"20090309":3.38,"20090210":3.74,"20090331":4.34,"20090211":3.75,"20090212":3.64,"20090312":3.36,"20090213":3.72,"20090313":3.58,"20090216":3.7,"20090316":3.61,"20090217":3.53,"20090130":3.73,"20090330":3.84,"20090218":3.51,"20090317":3.57,"20090219":3.58,"20090318":3.68,"20090319":3.72},"anncStocks":{"20090122":3.75,"20090123":3.65,"20090202":3.65,"20090224":3.59,"20090203":3.61,"20090302":3.77,"20090204":3.57,"20090127":3.6,"20090105":4.42,"20090226":3.85,"20090303":3.79,"20090205":3.7,"20090128":3.8,"20090106":4.33,"20090227":3.77,"20090304":3.78,"20090206":3.6,"20090129":3.89,"20090107":4.02,"20090305":3.67,"20090120":3.81,"20090220":3.59,"20090121":3.9,"20090306":3.55,"20090109":3.88,"20090209":3.7,"20090309":3.38,"20090210":3.74,"20090211":3.75,"20090112":3.85,"20090212":3.64,"20090113":3.58,"20090213":3.72,"20090114":3.78,"20090312":3.36,"20090115":3.64,"20090313":3.58,"20090116":3.63,"20090216":3.7,"20090217":3.53,"20090130":3.73,"20090218":3.51,"20090119":3.76,"20090219":3.58},"recordStocks":{"20090320":3.66,"20090323":3.8,"20090224":3.59,"20090202":3.65,"20090302":3.77,"20090203":3.61,"20090324":3.58,"20090401":4.87,"20090303":3.79,"20090226":3.85,"20090204":3.57,"20090325":3.58,"20090402":5.01,"20090304":3.78,"20090227":3.77,"20090205":3.7,"20090326":3.6,"20090305":3.67,"20090206":3.6,"20090327":3.66,"20090220":3.59,"20090306":3.55,"20090406":4.89,"20090209":3.7,"20090309":3.38,"20090408":4.93,"20090409":4.85,"20090210":3.74,"20090331":4.34,"20090211":3.75,"20090212":3.64,"20090312":3.36,"20090213":3.72,"20090313":3.58,"20090216":3.7,"20090316":3.61,"20090217":3.53,"20090330":3.84,"20090317":3.57,"20090218":3.51,"20090318":3.68,"20090219":3.58,"20090319":3.72}}}