{"prime":"sa","number_set":{"balancesheet":[["Share Capital",{"2008-03-31":0.03,"2016-03-31":24.86,"2014-03-31":14.92,"2011-03-31":0.05,"2015-03-31":24.86,"2013-03-31":14.92,"2012-03-31":0.3,"2017-03-31":24.86,"2010-03-31":0.05,"2009-03-31":0.05}],["Reserves",{"2008-03-31":0.12,"2016-03-31":14.84,"2014-03-31":12.4,"2011-03-31":4.94,"2015-03-31":13.63,"2013-03-31":10.56,"2012-03-31":8.26,"2017-03-31":16.07,"2010-03-31":2.8,"2009-03-31":1.12}],["Borrowings",{"2008-03-31":0.01,"2016-03-31":0.38,"2014-03-31":0.39,"2011-03-31":3.38,"2015-03-31":0.34,"2013-03-31":0.73,"2012-03-31":3.24,"2017-03-31":0.4,"2010-03-31":3.47,"2009-03-31":3.47}],["Other Liabilities",{"2008-03-31":0.0,"2016-03-31":3.27,"2014-03-31":2.01,"2011-03-31":0.9,"2015-03-31":3.11,"2013-03-31":0.05,"2012-03-31":0.0,"2017-03-31":1.88,"2010-03-31":0.9,"2009-03-31":0.9}],["Total Liabilities",{"2008-03-31":0.16,"2016-03-31":43.35,"2014-03-31":29.72,"2011-03-31":9.27,"2015-03-31":41.94,"2013-03-31":26.26,"2012-03-31":11.8,"2017-03-31":43.21,"2010-03-31":7.22,"2009-03-31":5.54}],["Fixed Assets",{"2008-03-31":0.0,"2016-03-31":18.32,"2014-03-31":12.22,"2011-03-31":5.33,"2015-03-31":17.49,"2013-03-31":12.07,"2012-03-31":6.18,"2017-03-31":16.84,"2010-03-31":4.24,"2009-03-31":4.24}],["CWIP",{"2008-03-31":0.0,"2016-03-31":0.0,"2014-03-31":0.0,"2011-03-31":0.0,"2015-03-31":0.0,"2013-03-31":0.0,"2012-03-31":0.0,"2017-03-31":0.0,"2010-03-31":0.0,"2009-03-31":0.0}],["Investments",{"2008-03-31":0.0,"2016-03-31":0.66,"2014-03-31":3.15,"2011-03-31":0.24,"2015-03-31":0.66,"2013-03-31":2.73,"2012-03-31":0.24,"2017-03-31":0.66,"2010-03-31":0.24,"2009-03-31":0.24}],["Other Assets",{"2008-03-31":0.16,"2016-03-31":24.37,"2014-03-31":14.35,"2011-03-31":3.7,"2015-03-31":23.79,"2013-03-31":11.46,"2012-03-31":5.38,"2017-03-31":25.71,"2010-03-31":2.74,"2009-03-31":1.06}],["Total Assets",{"2008-03-31":0.16,"2016-03-31":43.35,"2014-03-31":29.72,"2011-03-31":9.27,"2015-03-31":41.94,"2013-03-31":26.26,"2012-03-31":11.8,"2017-03-31":43.21,"2010-03-31":7.22,"2009-03-31":5.54}]],"annual":[["Sales",{"2008-03-31":0.0,"2016-03-31":3.57,"2014-03-31":3.2,"2011-03-31":1.73,"2015-03-31":3.4,"2013-03-31":6.43,"2012-03-31":3.04,"2017-03-31":3.52,"2010-03-31":0.9,"2009-03-31":0.23}],["Expenses",{"2008-03-31":0.01,"2016-03-31":0.52,"2014-03-31":0.84,"2011-03-31":-0.41,"2015-03-31":0.63,"2013-03-31":3.42,"2012-03-31":0.09,"2017-03-31":0.94,"2010-03-31":-0.79,"2009-03-31":-0.76}],["Operating Profit",{"2008-03-31":-0.01,"2016-03-31":3.05,"2014-03-31":2.36,"2011-03-31":2.14,"2015-03-31":2.77,"2013-03-31":3.01,"2012-03-31":2.95,"2017-03-31":2.58,"2010-03-31":1.69,"2009-03-31":0.99}],["OPM",{"2008-03-31":"--","2016-03-31":85.43,"2014-03-31":73.75,"2011-03-31":123.7,"2015-03-31":81.47,"2013-03-31":46.81,"2012-03-31":97.04,"2017-03-31":73.3,"2010-03-31":187.78,"2009-03-31":430.43}],["Other Income",{"2008-03-31":0.03,"2016-03-31":0.33,"2014-03-31":0.11,"2011-03-31":0.0,"2015-03-31":0.22,"2013-03-31":0.08,"2012-03-31":0.0,"2017-03-31":0.19,"2010-03-31":0.0,"2009-03-31":0.0}],["Interest",{"2008-03-31":0.0,"2016-03-31":0.0,"2014-03-31":0.0,"2011-03-31":0.0,"2015-03-31":0.0,"2013-03-31":0.0,"2012-03-31":0.0,"2017-03-31":0.0,"2010-03-31":0.0,"2009-03-31":0.0}],["Depreciation",{"2008-03-31":0.0,"2016-03-31":2.07,"2014-03-31":0.59,"2011-03-31":0.0,"2015-03-31":1.69,"2013-03-31":0.52,"2012-03-31":0.0,"2017-03-31":1.48,"2010-03-31":0.0,"2009-03-31":0.0}],["Profit before tax",{"2008-03-31":0.02,"2016-03-31":1.32,"2014-03-31":1.87,"2011-03-31":2.14,"2015-03-31":1.3,"2013-03-31":2.57,"2012-03-31":2.94,"2017-03-31":1.29,"2010-03-31":1.69,"2009-03-31":0.99}],["Tax",{"2008-03-31":0.0,"2016-03-31":0.1,"2014-03-31":0.03,"2011-03-31":0.0,"2015-03-31":0.07,"2013-03-31":0.02,"2012-03-31":0.0,"2017-03-31":0.06,"2010-03-31":0.0,"2009-03-31":0.0}],["Net Profit",{"2008-03-31":0.02,"2016-03-31":1.21,"2014-03-31":1.84,"2011-03-31":2.14,"2015-03-31":1.23,"2013-03-31":2.55,"2012-03-31":2.94,"2017-03-31":1.23,"2010-03-31":1.69,"2009-03-31":0.99}],["EPS (unadj)",{"2008-03-31":6.67,"2016-03-31":0.05,"2014-03-31":1.23,"2011-03-31":428.0,"2015-03-31":0.05,"2013-03-31":1.71,"2012-03-31":98.12,"2017-03-31":0.05,"2010-03-31":338.0,"2009-03-31":198.0}],["Dividend Payout",{"2008-03-31":0.0,"2016-03-31":0.0,"2014-03-31":0.0,"2011-03-31":0.0,"2015-03-31":0.0,"2013-03-31":0.0,"2012-03-31":0.0,"2017-03-31":0.0,"2010-03-31":0.0,"2009-03-31":0.0}]],"cashflow":[["Cash from Operating Activity",{"2008-03-31":0.0,"2016-03-31":2.39,"2014-03-31":5.35,"2011-03-31":1.24,"2015-03-31":1.44,"2013-03-31":5.11,"2012-03-31":1.0,"2017-03-31":2.17,"2010-03-31":0.62,"2009-03-31":0.07}],["Cash from Investing Activity",{"2008-03-31":0.16,"2016-03-31":-2.1,"2014-03-31":-6.23,"2011-03-31":-1.09,"2015-03-31":-10.86,"2013-03-31":-17.48,"2012-03-31":-0.85,"2017-03-31":-0.92,"2010-03-31":0.0,"2009-03-31":-4.48}],["Cash from Financing Activity",{"2008-03-31":0.0,"2016-03-31":0.08,"2014-03-31":1.22,"2011-03-31":-0.09,"2015-03-31":10.26,"2013-03-31":11.85,"2012-03-31":-0.41,"2017-03-31":-1.43,"2010-03-31":0.0,"2009-03-31":4.38}],["Net Cash Flow",{"2008-03-31":0.16,"2016-03-31":0.37,"2014-03-31":0.34,"2011-03-31":0.06,"2015-03-31":0.84,"2013-03-31":-0.52,"2012-03-31":-0.26,"2017-03-31":-0.18,"2010-03-31":0.62,"2009-03-31":-0.03}]],"quarters":[["Sales",{"2016-12-31":1.35,"2015-12-31":0.0,"2017-03-31":2.36,"2016-03-31":1.43}],["Expenses",{"2016-12-31":0.34,"2015-12-31":0.0,"2017-03-31":0.61,"2016-03-31":0.18}],["Operating Profit",{"2016-12-31":1.01,"2015-12-31":0.0,"2017-03-31":1.75,"2016-03-31":1.25}],["OPM",{"2016-12-31":74.81,"2015-12-31":"--","2017-03-31":74.15,"2016-03-31":87.41}],["Other Income",{"2016-12-31":0.0,"2015-12-31":0.0,"2017-03-31":0.0,"2016-03-31":0.0}],["Depreciation",{"2016-12-31":0.74,"2015-12-31":0.0,"2017-03-31":0.74,"2016-03-31":1.04}],["Interest",{"2016-12-31":0.0,"2015-12-31":0.0,"2017-03-31":0.0,"2016-03-31":0.0}],["Profit before tax",{"2016-12-31":0.27,"2015-12-31":0.0,"2017-03-31":1.02,"2016-03-31":0.21}],["Tax",{"2016-12-31":0.05,"2015-12-31":0.0,"2017-03-31":0.01,"2016-03-31":0.07}],["Net Profit",{"2016-12-31":0.23,"2015-12-31":0.0,"2017-03-31":1.01,"2016-03-31":0.14}]]},"bse_code":"534927","short_name":"Esteem Bio Org.","nse_code":"","companyrating_set":[],"annualreport_set":[{"source":"bse","report_date":2017,"link":"http://www.bseindia.com/bseplus/annualreport/https:/https://www.bseindia.com/bseplus/AnnualReport/534927/5349270317.pdf"},{"source":"bse","report_date":2016,"link":"http://www.bseindia.com/bseplus/AnnualReport/534927/5349270316.pdf"},{"source":"bse","report_date":2015,"link":"http://www.bseindia.com/bseplus/AnnualReport/534927/5349270315.pdf"},{"source":"bse","report_date":2014,"link":"http://www.bseindia.com/bseplus/AnnualReport/534927/5349270314.pdf"},{"source":"bse","report_date":2013,"link":"http://www.bseindia.com/bseplus/annualreport/534927/5349270313.pdf"}],"announcement_set":[{"ann_date":"26 Apr 2018","announcement":"Certificate Pursuant To Regulation 7(3) Of The SEBI (Listing Obligations And Disclosure Requirements) Regulations, 2015 For The Half Financial Year Ended March 31, 2018","link":"https://www.bseindia.com/corporates/anndet_new.aspx?newsid\u003dca12e35d-9b34-49f5-a382-062060fd7ad6"},{"ann_date":"24 Apr 2018","announcement":"Certificate Pursuant To Regulation 40(9) Of SEBI(LODR) REGULATIONS, 2015","link":"https://www.bseindia.com/corporates/anndet_new.aspx?newsid\u003d8c936832-94a6-4720-b9bd-cc92ba3177ae"},{"ann_date":"20 Apr 2018","announcement":"Shareholding for the Period Ended March 31, 2018","link":"https://www.bseindia.com/corporates/anndet_new.aspx?newsid\u003dc0da84a7-d0e8-4819-ba45-fabaee285b0d"},{"ann_date":"06 Apr 2018","announcement":"Statement Of Investor Complaints For The Quarter Ended March 2018","link":"https://www.bseindia.com/corporates/anndet_new.aspx?newsid\u003d5e7a9b72-87f6-491a-8db9-95ffea85a724"},{"ann_date":"12 Mar 2018","announcement":"Board Meeting-Appointment of Director","link":"https://www.bseindia.com/corporates/anndet_new.aspx?newsid\u003d1d1a4f62-b7b7-4c81-9873-44a1fb81387f"}],"warehouse_set":{"high_price":33.4,"low_price":17.0,"current_price":17.0,"dividend_yield":0.0,"face_value":1.0,"id":175610,"sales_growth_3years":3.23,"profit_growth_5years":-15.99,"average_return_on_equity_3years":3.29,"book_value":1.65,"status":"Active","average_return_on_equity_10years":10.14,"market_capitalization":422.68,"profit_growth_10years":58.03,"price_to_earning":306.31,"industry":"Other Agricultural Products","analysis":{"remarks":["Some businesses are provided tax benefits to encourage their development"],"bad":["Stock is trading at 10.33 times its book value","Though the company is reporting repeated profits, it is not paying out dividend","The company has delivered a poor growth of 2.98% over past five years.","Promoter holding is low: 20.58%","Though the company is reporting regular profits, it is not paying out tax","Company has a low return on equity of 3.29% for last 3 years."],"good":["Company is virtually debt free."]},"result_type":"sa","profit_growth_3years":-12.56,"sales_growth_5years":2.98,"return_on_equity":3.05,"average_return_on_equity_5years":5.61},"id":305987,"name":"Esteem Bio Organic Food Processing Ltd","screenerStockPrice":{"prices":[1.61,1.86,2.15,2.49,2.87,3.32,3.84,5.32,5.7,6.21,6.33,8.83,10.59,11.61,12.48,14.25,15.93,18.03,20.83,23.39,24.68,26.11,27.52,28.36,29.6,30.81,32.64,33.82,34.09,35.94,37.94,38.5,37.58,35.37,32.28,27.68,29.02,30.17,30.12,30.36,31.08,31.15,30.98,30.96,31.06,30.99,30.94,30.91,29.78,26.86,23.38,24.15,24.24,24.24,24.36,24.48,24.68,24.73,24.76,24.79,24.78,24.79,24.55,24.82,24.84,26.49,25.64,25.33,25.22,25.46,30.68,30.9,30.2,36.72,40.17,47.4,48.9,49.0,52.49,49.95,44.8,45.45,44.5,45.0,44.0,44.4,44.7,44.6,44.0,44.42,44.4,44.0,43.9,44.3,40.1,37.0,30.6,26.25,24.25,23.1,22.95,22.5,23.3,26.85,31.0,36.0,36.5,36.0,36.1,35.55,36.3,36.8,36.95,34.6,30.0,33.9,36.0,40.95,41.95,44.45,27.2,29.0,34.0,40.0,39.85,39.75,39.75,41.85,43.6,44.1,44.2,44.2,43.85,45.2,45.55,45.35,47.4,48.15,49.4,49.1,49.4,49.85,49.8,49.1,49.55,48.4,45.65,43.05,40.6,38.3,36.1,34.05,32.1,31.85,30.65,28.9,28.4,28.4,28.4,28.4,27.85,27.25,27.75,29.35,31.05,32.85,34.8,36.8,38.9,40.1,40.1,41.0,42.0,42.0,42.0,42.0,41.45,42.9,42.0,39.6,38.85,39.05,36.8,34.7,32.75,31.75,29.95,30.7,32.5,31.7,29.9,28.25,26.65,25.15,23.75,22.4,21.2,20.0,19.05,19.05,18.7,17.65],"dates":["07 Feb 2013","14 Feb 2013","26 Feb 2013","06 Mar 2013","12 Mar 2013","01 Apr 2013","24 Jun 2013","06 Sep 2013","24 Sep 2013","30 Dec 2013","10 Jan 2014","17 Jan 2014","22 Jan 2014","27 Jan 2014","05 Feb 2014","10 Feb 2014","13 Feb 2014","18 Feb 2014","21 Feb 2014","26 Feb 2014","04 Mar 2014","07 Mar 2014","12 Mar 2014","18 Mar 2014","21 Mar 2014","25 Mar 2014","28 Mar 2014","02 Apr 2014","07 Apr 2014","11 Apr 2014","17 Apr 2014","23 Apr 2014","29 Apr 2014","05 May 2014","08 May 2014","19 May 2014","23 May 2014","28 May 2014","02 Jun 2014","05 Jun 2014","10 Jun 2014","13 Jun 2014","18 Jun 2014","23 Jun 2014","26 Jun 2014","01 Jul 2014","04 Jul 2014","09 Jul 2014","14 Jul 2014","17 Jul 2014","22 Jul 2014","25 Jul 2014","31 Jul 2014","05 Aug 2014","08 Aug 2014","13 Aug 2014","19 Aug 2014","22 Aug 2014","27 Aug 2014","02 Sep 2014","05 Sep 2014","10 Sep 2014","15 Sep 2014","18 Sep 2014","23 Sep 2014","26 Sep 2014","01 Oct 2014","09 Oct 2014","16 Oct 2014","21 Oct 2014","10 Nov 2014","13 Nov 2014","19 Nov 2014","24 Nov 2014","27 Nov 2014","02 Dec 2014","05 Dec 2014","10 Dec 2014","15 Dec 2014","18 Dec 2014","24 Dec 2014","31 Dec 2014","06 Jan 2015","09 Jan 2015","14 Jan 2015","19 Jan 2015","22 Jan 2015","28 Jan 2015","02 Feb 2015","05 Feb 2015","10 Feb 2015","19 Feb 2015","24 Feb 2015","27 Feb 2015","03 Mar 2015","09 Mar 2015","12 Mar 2015","17 Mar 2015","20 Mar 2015","25 Mar 2015","30 Mar 2015","20 Apr 2015","27 Apr 2015","04 May 2015","07 May 2015","12 May 2015","19 May 2015","25 May 2015","01 Jun 2015","05 Jun 2015","12 Jun 2015","22 Jun 2015","25 Jun 2015","02 Jul 2015","17 Jul 2015","06 Aug 2015","27 Aug 2015","03 Sep 2015","09 Sep 2015","23 Sep 2015","07 Oct 2015","04 Dec 2015","10 Dec 2015","17 Dec 2015","22 Dec 2015","28 Dec 2015","31 Dec 2015","05 Jan 2016","08 Jan 2016","13 Jan 2016","18 Jan 2016","21 Jan 2016","27 Jan 2016","01 Feb 2016","04 Feb 2016","09 Feb 2016","12 Feb 2016","17 Feb 2016","22 Feb 2016","25 Feb 2016","01 Mar 2016","04 Mar 2016","10 Mar 2016","15 Mar 2016","18 Mar 2016","23 Mar 2016","01 Apr 2016","06 Apr 2016","27 Apr 2016","04 May 2016","09 May 2016","12 May 2016","23 May 2016","30 May 2016","03 Jun 2016","09 Jun 2016","14 Jun 2016","17 Jun 2016","22 Jun 2016","27 Jun 2016","01 Jul 2016","18 Jul 2016","25 Jul 2016","28 Jul 2016","02 Aug 2016","05 Aug 2016","10 Aug 2016","16 Aug 2016","19 Aug 2016","24 Aug 2016","29 Aug 2016","02 Sep 2016","08 Sep 2016","14 Sep 2016","19 Sep 2016","23 Sep 2016","28 Sep 2016","05 Oct 2016","14 Oct 2016","19 Oct 2016","11 Jan 2017","07 Mar 2017","21 Mar 2017","29 Mar 2017","20 Apr 2017","19 May 2017","25 May 2017","04 Sep 2017","31 Oct 2017","23 Nov 2017","30 Nov 2017","11 Dec 2017","03 Jan 2018","18 Jan 2018","25 Jan 2018","14 Feb 2018","21 Feb 2018","28 Feb 2018","09 Mar 2018","22 Mar 2018","02 Apr 2018","12 Apr 2018"],"id":"305987"},"stockPricesEventDays":{"exRightsStocks":{"20140929":26.21,"20141021":25.48,"20141120":30.01,"20141020":25.39,"20141017":25.26,"20141016":25.24,"20141114":30.8,"20141014":25.2,"20141113":30.9,"20141013":25.33,"20141112":31.03,"20141111":31.1,"20141110":30.68,"20140926":26.51,"20140924":24.99,"20140925":26.82,"20140922":24.88,"20140923":24.86,"20141119":30.2,"20141118":30.5,"20140919":24.84,"20140917":24.8,"20140918":24.84,"20141007":25.58,"20141028":25.57,"20140930":25.78,"20141027":25.54,"20141126":40.0,"20141125":38.55,"20141124":36.72,"20141001":25.66,"20141121":30.6,"20141009":25.36,"20141008":25.48},"anncStocks":{"20130725":4.44,"20130913":6.34,"20130906":5.32},"recordStocks":{"20140929":26.21,"20141021":25.48,"20141120":30.01,"20141020":25.39,"20141017":25.26,"20141016":25.24,"20141114":30.8,"20141014":25.2,"20141113":30.9,"20141013":25.33,"20141112":31.03,"20141111":31.1,"20141110":30.68,"20140926":26.51,"20140924":24.99,"20140925":26.82,"20140922":24.88,"20140923":24.86,"20141119":30.2,"20141118":30.5,"20141007":25.58,"20141128":40.3,"20141028":25.57,"20140930":25.78,"20141127":40.17,"20141027":25.54,"20141126":40.0,"20141125":38.55,"20141124":36.72,"20141001":25.66,"20141121":30.6,"20141009":25.36,"20141008":25.48}}}