{"prime":"con","number_set":{"balancesheet":[["Share Capital",{"2008-03-31":40.4,"2016-03-31":42.23,"2014-03-31":42.23,"2011-03-31":43.87,"2015-03-31":42.23,"2013-03-31":42.23,"2012-03-31":42.23,"2017-03-31":42.23,"2010-03-31":32.32,"2009-03-31":40.4,"2007-03-31":26.93}],["Reserves",{"2008-03-31":-23.67,"2016-03-31":30.5,"2014-03-31":148.43,"2011-03-31":-31.9,"2015-03-31":122.1,"2013-03-31":191.14,"2012-03-31":212.74,"2017-03-31":-38.52,"2010-03-31":-30.38,"2009-03-31":-55.85,"2007-03-31":-19.25}],["Borrowings",{"2008-03-31":103.57,"2016-03-31":387.24,"2014-03-31":311.96,"2011-03-31":229.28,"2015-03-31":351.41,"2013-03-31":262.36,"2012-03-31":226.18,"2017-03-31":464.02,"2010-03-31":113.44,"2009-03-31":160.04,"2007-03-31":34.0}],["Other Liabilities",{"2008-03-31":87.18,"2016-03-31":184.58,"2014-03-31":121.92,"2011-03-31":65.62,"2015-03-31":150.22,"2013-03-31":122.86,"2012-03-31":132.58,"2017-03-31":205.79,"2010-03-31":108.17,"2009-03-31":79.31,"2007-03-31":9.64}],["Total Liabilities",{"2008-03-31":207.48,"2016-03-31":634.55,"2014-03-31":614.54,"2011-03-31":306.87,"2015-03-31":655.96,"2013-03-31":608.59,"2012-03-31":603.73,"2017-03-31":663.52,"2010-03-31":223.55,"2009-03-31":223.9,"2007-03-31":51.32}],["Fixed Assets",{"2008-03-31":92.29,"2016-03-31":391.6,"2014-03-31":330.09,"2011-03-31":140.19,"2015-03-31":376.49,"2013-03-31":288.69,"2012-03-31":286.51,"2017-03-31":355.76,"2010-03-31":108.55,"2009-03-31":104.32,"2007-03-31":3.36}],["CWIP",{"2008-03-31":4.85,"2016-03-31":13.02,"2014-03-31":50.18,"2011-03-31":17.94,"2015-03-31":0.0,"2013-03-31":37.92,"2012-03-31":29.2,"2017-03-31":26.97,"2010-03-31":6.93,"2009-03-31":5.93,"2007-03-31":0.0}],["Investments",{"2008-03-31":11.18,"2016-03-31":51.25,"2014-03-31":52.75,"2011-03-31":55.67,"2015-03-31":51.25,"2013-03-31":51.36,"2012-03-31":53.96,"2017-03-31":51.2,"2010-03-31":55.32,"2009-03-31":5.77,"2007-03-31":26.9}],["Other Assets",{"2008-03-31":99.16,"2016-03-31":178.68,"2014-03-31":181.52,"2011-03-31":93.07,"2015-03-31":228.22,"2013-03-31":230.62,"2012-03-31":234.06,"2017-03-31":229.59,"2010-03-31":52.75,"2009-03-31":107.88,"2007-03-31":21.06}],["Total Assets",{"2008-03-31":207.48,"2016-03-31":634.55,"2014-03-31":614.54,"2011-03-31":306.87,"2015-03-31":655.96,"2013-03-31":608.59,"2012-03-31":603.73,"2017-03-31":663.52,"2010-03-31":223.55,"2009-03-31":223.9,"2007-03-31":51.32}]],"annual":[["Sales",{"2008-03-31":38.82,"2016-03-31":230.3,"2014-03-31":222.79,"2011-03-31":128.87,"2015-03-31":288.75,"2013-03-31":248.24,"2012-03-31":174.06,"2017-03-31":240.69,"2010-03-31":90.54,"2009-03-31":209.6,"2007-03-31":1.47}],["Expenses",{"2008-03-31":34.06,"2016-03-31":291.59,"2014-03-31":254.95,"2011-03-31":113.43,"2015-03-31":254.47,"2013-03-31":244.4,"2012-03-31":167.61,"2017-03-31":239.37,"2010-03-31":105.0,"2009-03-31":231.36,"2007-03-31":2.8}],["Operating Profit",{"2008-03-31":4.76,"2016-03-31":-61.29,"2014-03-31":-32.16,"2011-03-31":15.44,"2015-03-31":34.28,"2013-03-31":3.84,"2012-03-31":6.45,"2017-03-31":1.32,"2010-03-31":-14.46,"2009-03-31":-21.76,"2007-03-31":-1.33}],["OPM",{"2008-03-31":12.26,"2016-03-31":-26.61,"2014-03-31":-14.44,"2011-03-31":11.98,"2015-03-31":11.87,"2013-03-31":1.55,"2012-03-31":3.71,"2017-03-31":0.55,"2010-03-31":-15.97,"2009-03-31":-10.38,"2007-03-31":-90.48}],["Other Income",{"2008-03-31":0.18,"2016-03-31":27.72,"2014-03-31":23.88,"2011-03-31":2.98,"2015-03-31":16.69,"2013-03-31":12.41,"2012-03-31":12.06,"2017-03-31":17.79,"2010-03-31":13.97,"2009-03-31":8.88,"2007-03-31":0.11}],["Interest",{"2008-03-31":9.24,"2016-03-31":35.47,"2014-03-31":31.01,"2011-03-31":22.83,"2015-03-31":32.87,"2013-03-31":22.66,"2012-03-31":30.17,"2017-03-31":47.02,"2010-03-31":16.87,"2009-03-31":18.27,"2007-03-31":2.37}],["Depreciation",{"2008-03-31":1.06,"2016-03-31":19.42,"2014-03-31":16.15,"2011-03-31":9.25,"2015-03-31":15.75,"2013-03-31":14.97,"2012-03-31":12.38,"2017-03-31":18.88,"2010-03-31":7.28,"2009-03-31":5.96,"2007-03-31":0.26}],["Profit before tax",{"2008-03-31":-5.36,"2016-03-31":-88.46,"2014-03-31":-55.43,"2011-03-31":-13.66,"2015-03-31":2.35,"2013-03-31":-21.38,"2012-03-31":-24.04,"2017-03-31":-46.8,"2010-03-31":-24.64,"2009-03-31":-37.11,"2007-03-31":-3.85}],["Tax",{"2008-03-31":1.8,"2016-03-31":0.03,"2014-03-31":1.53,"2011-03-31":1.24,"2015-03-31":1.13,"2013-03-31":1.1,"2012-03-31":1.58,"2017-03-31":0.02,"2010-03-31":0.09,"2009-03-31":1.07,"2007-03-31":0.03}],["Net Profit",{"2008-03-31":-10.14,"2016-03-31":-86.68,"2014-03-31":-52.76,"2011-03-31":-16.65,"2015-03-31":3.92,"2013-03-31":-24.21,"2012-03-31":-30.9,"2017-03-31":-45.78,"2010-03-31":-24.73,"2009-03-31":-30.24,"2007-03-31":-3.45}],["EPS (unadj)",{"2008-03-31":0.0,"2016-03-31":0.0,"2014-03-31":0.0,"2011-03-31":0.0,"2015-03-31":1.22,"2013-03-31":0.0,"2012-03-31":0.0,"2017-03-31":0.0,"2010-03-31":0.0,"2009-03-31":0.0,"2007-03-31":0.0}],["Dividend Payout",{"2008-03-31":-0.0,"2016-03-31":-0.0,"2014-03-31":-0.0,"2011-03-31":-0.0,"2015-03-31":0.0,"2013-03-31":-0.0,"2012-03-31":-0.0,"2017-03-31":-0.0,"2010-03-31":-0.0,"2009-03-31":-0.0,"2007-03-31":-0.0}]],"cashflow":[["Cash from Operating Activity",{"2008-03-31":7.53,"2016-03-31":5.87,"2014-03-31":3.43,"2011-03-31":-8.44,"2015-03-31":-4.53,"2013-03-31":22.94,"2012-03-31":27.23,"2017-03-31":-9.44,"2010-03-31":30.29,"2009-03-31":-50.29,"2007-03-31":-16.36}],["Cash from Investing Activity",{"2008-03-31":-53.38,"2016-03-31":-25.71,"2014-03-31":-16.26,"2011-03-31":-59.06,"2015-03-31":-13.93,"2013-03-31":-27.4,"2012-03-31":-245.43,"2017-03-31":-26.53,"2010-03-31":-74.03,"2009-03-31":55.77,"2007-03-31":-20.04}],["Cash from Financing Activity",{"2008-03-31":86.62,"2016-03-31":16.0,"2014-03-31":18.8,"2011-03-31":70.36,"2015-03-31":7.84,"2013-03-31":5.26,"2012-03-31":221.83,"2017-03-31":43.77,"2010-03-31":38.75,"2009-03-31":-24.27,"2007-03-31":36.7}],["Net Cash Flow",{"2008-03-31":40.77,"2016-03-31":-3.85,"2014-03-31":5.97,"2011-03-31":2.86,"2015-03-31":-10.63,"2013-03-31":0.8,"2012-03-31":3.63,"2017-03-31":7.8,"2010-03-31":-4.99,"2009-03-31":-18.79,"2007-03-31":0.3}]],"quarters":[["Sales",{"2016-06-30":53.88,"2016-12-31":54.46,"2017-03-31":73.27,"2017-06-30":50.74,"2015-06-30":64.1,"2015-03-31":83.98,"2017-09-30":61.64,"2015-12-31":56.85,"2016-03-31":42.35,"2017-12-31":62.68,"2016-09-30":58.12,"2015-09-30":67.02}],["Expenses",{"2016-06-30":73.56,"2016-12-31":59.81,"2017-03-31":49.04,"2017-06-30":63.09,"2015-06-30":67.97,"2015-03-31":56.88,"2017-09-30":68.97,"2015-12-31":62.17,"2016-03-31":94.87,"2017-12-31":65.18,"2016-09-30":55.17,"2015-09-30":65.03}],["Operating Profit",{"2016-06-30":-19.68,"2016-12-31":-5.35,"2017-03-31":24.23,"2017-06-30":-12.35,"2015-06-30":-3.87,"2015-03-31":27.1,"2017-09-30":-7.33,"2015-12-31":-5.32,"2016-03-31":-52.52,"2017-12-31":-2.5,"2016-09-30":2.95,"2015-09-30":1.99}],["OPM",{"2016-06-30":-36.53,"2016-12-31":-9.82,"2017-03-31":33.07,"2017-06-30":-24.34,"2015-06-30":-6.04,"2015-03-31":32.27,"2017-09-30":-11.89,"2015-12-31":-9.36,"2016-03-31":-124.01,"2017-12-31":-3.99,"2016-09-30":5.08,"2015-09-30":2.97}],["Other Income",{"2016-06-30":2.59,"2016-12-31":1.46,"2017-03-31":6.77,"2017-06-30":2.9,"2015-06-30":1.62,"2015-03-31":7.91,"2017-09-30":14.87,"2015-12-31":2.54,"2016-03-31":18.36,"2017-12-31":-0.35,"2016-09-30":8.06,"2015-09-30":3.64}],["Depreciation",{"2016-06-30":4.08,"2016-12-31":4.62,"2017-03-31":5.67,"2017-06-30":5.95,"2015-06-30":4.08,"2015-03-31":5.34,"2017-09-30":6.26,"2015-12-31":4.71,"2016-03-31":6.42,"2017-12-31":6.23,"2016-09-30":4.51,"2015-09-30":4.21}],["Interest",{"2016-06-30":10.37,"2016-12-31":11.86,"2017-03-31":11.74,"2017-06-30":12.73,"2015-06-30":7.66,"2015-03-31":7.71,"2017-09-30":11.19,"2015-12-31":7.95,"2016-03-31":12.11,"2017-12-31":12.62,"2016-09-30":11.21,"2015-09-30":7.75}],["Profit before tax",{"2016-06-30":-31.55,"2016-12-31":-20.38,"2017-03-31":13.59,"2017-06-30":-28.14,"2015-06-30":-14.0,"2015-03-31":21.95,"2017-09-30":-9.91,"2015-12-31":-15.45,"2016-03-31":-52.69,"2017-12-31":-21.71,"2016-09-30":-4.71,"2015-09-30":-6.33}],["Tax",{"2016-06-30":0.0,"2016-12-31":0.0,"2017-03-31":0.02,"2017-06-30":0.0,"2015-06-30":0.01,"2015-03-31":0.77,"2017-09-30":0.01,"2015-12-31":0.02,"2016-03-31":0.0,"2017-12-31":0.0,"2016-09-30":0.0,"2015-09-30":0.0}],["Net Profit",{"2016-06-30":-30.62,"2016-12-31":-20.38,"2017-03-31":13.3,"2017-06-30":-28.14,"2015-06-30":-13.26,"2015-03-31":22.28,"2017-09-30":-9.92,"2015-12-31":-15.23,"2016-03-31":-53.13,"2017-12-31":-21.71,"2016-09-30":-4.71,"2015-09-30":-5.07}]]},"bse_code":"526927","short_name":"Dion Global","nse_code":"","companyrating_set":[],"annualreport_set":[{"source":"bse","report_date":2017,"link":"http://www.bseindia.com/bseplus/AnnualReport/526927/5269270317.pdf"},{"source":"bse","report_date":2016,"link":"http://www.bseindia.com/bseplus/AnnualReport/526927/5269270316.pdf"},{"source":"bse","report_date":2015,"link":"http://www.bseindia.com/bseplus/AnnualReport/526927/5269270315.pdf"},{"source":"bse","report_date":2014,"link":"http://www.bseindia.com/bseplus/AnnualReport/526927/5269270314.pdf"},{"source":"bse","report_date":2013,"link":"http://www.bseindia.com/bseplus/annualreport/526927/5269270313.pdf"},{"source":"bse","report_date":2012,"link":"http://www.bseindia.com/bseplus/annualreport/526927/5269270312.pdf"},{"source":"bse","report_date":2011,"link":"http://www.bseindia.com/bseplus/annualreport/526927/5269270311.pdf"},{"source":"bse","report_date":2010,"link":"http://www.bseindia.com/bseplus/annualreport/526927/5269270310.pdf"}],"announcement_set":[{"ann_date":"27 Apr 2018","announcement":"Announcement Under Regulation 30 Of SEBI (Listing Obligations And Disclosure Requirements) Regulations, 2015","link":"https://www.bseindia.com/corporates/anndet_new.aspx?newsid\u003d2c0c83ea-d099-46a9-b537-1844ab9662ac"},{"ann_date":"20 Apr 2018","announcement":"Announcement under Regulation 30 (LODR)-Resignation of Director","link":"https://www.bseindia.com/corporates/anndet_new.aspx?newsid\u003dcaee8e18-0e17-4f75-b33e-61a4f5fb8094"},{"ann_date":"19 Apr 2018","announcement":"Announcement Under Regulation 30 Of SEBI (Listing Obligations And Disclosure Requirements) Regulations, 2015","link":"https://www.bseindia.com/corporates/anndet_new.aspx?newsid\u003ddb0cf5ae-92fe-4d84-8f2d-52daa1346498"},{"ann_date":"12 Apr 2018","announcement":"Shareholding for the Period Ended March 31, 2018","link":"https://www.bseindia.com/corporates/anndet_new.aspx?newsid\u003d53f5544a-3d6d-4919-b897-879b96efc36e"},{"ann_date":"11 Apr 2018","announcement":"Certificate Under Regulation 40(9) Of The SEBI (Listing Obligations And Disclosure Requirements) Regulations, 2015 For The Half Year Ended March 31, 2018","link":"https://www.bseindia.com/corporates/anndet_new.aspx?newsid\u003d8f6d4b8b-6b14-47cd-8932-4774835fb6aa"}],"warehouse_set":{"high_price":74.0,"low_price":21.9,"sales_growth":18.93,"current_price":24.25,"dividend_yield":0.0,"face_value":10.0,"id":6595610,"sales_growth_3years":2.61,"average_return_on_equity_3years":-16.25,"book_value":-20.52,"status":"Active","pair_url":"/company/526927/","sales_growth_10years":22.47,"profit_growth":57.3,"market_capitalization":78.16,"industry":"IT Software Products","analysis":{"remarks":[],"bad":["Company has low interest coverage ratio.","The company has delivered a poor growth of 6.70% over past five years.","Company has a low return on equity of -16.25% for last 3 years.","Promoters have pledged 27.02% of their holding","Earnings include an other income of Rs.24.19 Cr."],"good":[]},"result_type":"con","sales_growth_5years":6.7,"return_on_equity":-118.07,"average_return_on_equity_5years":-16.33},"id":833,"name":"Dion Global Solutions Ltd","screenerStockPrice":{"prices":[5.34,4.64,3.81,2.84,2.24,4.53,6.13,5.55,4.32,5.13,10.51,11.78,10.12,9.95,11.71,16.94,11.92,14.55,13.76,15.11,12.37,16.87,18.43,16.46,18.99,40.26,29.87,25.5,28.83,24.98,22.8,33.51,29.76,25.09,26.47,33.51,29.42,35.1,33.78,43.1,37.73,41.06,43.45,41.82,51.39,84.72,85.72,69.16,64.48,73.25,72.66,66.15,72.52,70.58,70.17,90.2,96.55,98.2,99.0,100.3,149.0,111.05,95.0,73.0,82.45,79.7,86.25,78.5,66.2,64.6,60.4,27.5,34.0,37.85,49.5,46.0,73.2,71.35,75.0,89.0,101.4,98.95,95.0,88.75,90.95,74.1,78.0,75.65,85.25,74.55,71.25,82.55,81.2,71.15,71.85,72.65,72.0,70.0,66.65,60.35,60.95,57.15,42.55,43.6,64.0,54.5,66.95,57.5,50.7,44.5,36.45,33.45,34.35,30.5,38.2,31.0,29.55,46.9,41.85,39.65,28.0,23.35,23.95,22.25,19.05,22.45,21.15,22.95,21.0,23.1,21.65,19.95,18.5,19.6,22.8,22.7,25.25,24.2,27.15,29.25,29.45,26.8,33.7,27.75,27.05,42.3,73.05,97.7,87.45,102.05,93.0,97.5,77.1,80.4,76.3,104.45,84.45,114.85,95.3,113.1,109.2,190.5,136.1,91.7,110.5,114.3,96.4,118.2,106.6,81.0,74.65,77.9,88.8,69.85,68.45,73.05,71.9,66.0,66.05,71.65,65.15,79.2,70.75,71.55,69.7,65.6,64.7,65.65,64.25,59.95,62.6,54.45,41.9,36.0,39.8,37.0,39.35,50.4,36.0,28.15,23.65,28.25],"dates":["23 Dec 2003","16 Jan 2004","12 Feb 2004","10 Mar 2004","02 Apr 2004","29 Apr 2004","24 May 2004","16 Jun 2004","09 Jul 2004","03 Aug 2004","26 Aug 2004","20 Sep 2004","12 Oct 2004","08 Nov 2004","03 Dec 2004","28 Dec 2004","20 Jan 2005","16 Feb 2005","11 Mar 2005","06 Apr 2005","02 May 2005","25 May 2005","16 Jun 2005","11 Jul 2005","04 Aug 2005","30 Aug 2005","23 Sep 2005","19 Oct 2005","16 Nov 2005","08 Dec 2005","02 Jan 2006","27 Jan 2006","22 Feb 2006","20 Mar 2006","17 Apr 2006","10 May 2006","02 Jun 2006","26 Jun 2006","19 Jul 2006","11 Aug 2006","06 Sep 2006","29 Sep 2006","26 Oct 2006","20 Nov 2006","13 Dec 2006","09 Jan 2007","05 Feb 2007","01 Mar 2007","26 Mar 2007","20 Apr 2007","17 May 2007","11 Jun 2007","04 Jul 2007","27 Jul 2007","22 Aug 2007","14 Sep 2007","10 Oct 2007","02 Nov 2007","27 Nov 2007","20 Dec 2007","16 Jan 2008","08 Feb 2008","04 Mar 2008","01 Apr 2008","28 Apr 2008","23 May 2008","17 Jun 2008","10 Jul 2008","04 Aug 2008","28 Aug 2008","23 Sep 2008","20 Oct 2008","14 Nov 2008","15 Dec 2008","09 Jan 2009","04 Feb 2009","02 Mar 2009","27 Mar 2009","27 Apr 2009","25 May 2009","17 Jun 2009","10 Jul 2009","04 Aug 2009","27 Aug 2009","22 Sep 2009","20 Oct 2009","13 Nov 2009","08 Dec 2009","05 Jan 2010","29 Jan 2010","23 Feb 2010","19 Mar 2010","16 Apr 2010","11 May 2010","04 Jun 2010","29 Jun 2010","22 Jul 2010","16 Aug 2010","02 Nov 2010","26 Nov 2010","22 Dec 2010","14 Jan 2011","09 Feb 2011","07 Mar 2011","30 Mar 2011","27 Apr 2011","20 May 2011","14 Jun 2011","07 Jul 2011","01 Aug 2011","25 Aug 2011","22 Sep 2011","18 Oct 2011","15 Nov 2011","09 Dec 2011","03 Jan 2012","25 Jan 2012","22 Feb 2012","16 Mar 2012","12 Apr 2012","07 May 2012","30 May 2012","22 Jun 2012","17 Jul 2012","09 Aug 2012","05 Sep 2012","01 Oct 2012","26 Oct 2012","21 Nov 2012","17 Dec 2012","10 Jan 2013","04 Feb 2013","27 Feb 2013","14 Aug 2013","10 Sep 2013","07 Oct 2013","31 Oct 2013","26 Nov 2013","19 Dec 2013","14 Jan 2014","06 Feb 2014","04 Mar 2014","27 Mar 2014","25 Apr 2014","21 May 2014","13 Jun 2014","08 Jul 2014","01 Aug 2014","27 Aug 2014","22 Sep 2014","21 Oct 2014","18 Nov 2014","11 Dec 2014","06 Jan 2015","30 Jan 2015","25 Feb 2015","20 Mar 2015","17 Apr 2015","13 May 2015","05 Jun 2015","30 Jun 2015","23 Jul 2015","17 Aug 2015","09 Sep 2015","07 Oct 2015","02 Nov 2015","27 Nov 2015","22 Dec 2015","15 Jan 2016","10 Feb 2016","04 Mar 2016","01 Apr 2016","29 Apr 2016","24 May 2016","16 Jun 2016","12 Jul 2016","04 Aug 2016","30 Aug 2016","26 Sep 2016","21 Oct 2016","16 Nov 2016","09 Dec 2016","03 Jan 2017","27 Jan 2017","21 Feb 2017","20 Mar 2017","13 Apr 2017","10 May 2017","02 Jun 2017","28 Jun 2017","21 Jul 2017","16 Aug 2017","11 Sep 2017","05 Oct 2017","31 Oct 2017","23 Nov 2017","18 Dec 2017","11 Jan 2018","06 Feb 2018","05 Mar 2018","28 Mar 2018","24 Apr 2018"],"id":"833"},"stockPricesEventDays":{"exRightsStocks":{"20070117":27.2,"20070118":27.2,"20070910":27.2,"20070119":27.2,"20070911":27.2,"20070912":27.2,"20070113":27.2,"20070114":27.2,"20070115":27.2,"20070116":27.2,"20070110":27.2,"20070111":27.2,"20070112":27.2,"20070917":27.2,"20070918":27.2,"20070919":27.2,"20070913":27.2,"20070914":27.2,"20070915":27.2,"20070916":27.2,"20070227":27.2,"20070106":27.2,"20070228":27.2,"20070107":27.2,"20070108":27.2,"20070109":27.2,"20070901":27.2,"20070223":27.2,"20070102":27.2,"20070224":27.2,"20070103":27.2,"20070225":27.2,"20070104":27.2,"20070226":27.2,"20070105":27.2,"20070220":27.2,"20070221":27.2,"20070222":27.2,"20070101":27.2,"20070906":27.2,"20070907":27.2,"20070908":27.2,"20070909":27.2,"20070902":27.2,"20070903":27.2,"20070904":27.2,"20070905":27.2,"20070810":27.2,"20070811":27.2,"20070812":27.2,"20070813":27.2,"20070930":27.2,"20070131":27.2,"20070130":27.2,"20070818":27.2,"20070819":27.2,"20070814":27.2,"20070815":27.2,"20070816":27.2,"20070817":27.2,"20070128":27.2,"20070920":27.2,"20070129":27.2,"20070921":27.2,"20070801":27.2,"20070922":27.2,"20070802":27.2,"20070923":27.2,"20070124":27.2,"20070125":27.2,"20070126":27.2,"20070127":27.2,"20070120":27.2,"20070121":27.2,"20070122":27.2,"20070123":27.2,"20070807":27.2,"20070928":27.2,"20070808":27.2,"20070929":27.2,"20070809":27.2,"20070803":27.2,"20070924":27.2,"20070804":27.2,"20070925":27.2,"20070805":27.2,"20070926":27.2,"20070806":27.2,"20070927":27.2,"20070711":27.2,"20071008":27.2,"20070712":27.2,"20071009":27.2,"20070713":27.2,"20070714":27.2,"20071004":27.2,"20071005":27.2,"20070830":27.2,"20071006":27.2,"20070710":27.2,"20070831":27.2,"20071007":27.2,"20071001":27.2,"20071002":27.2,"20071003":27.2,"20070719":27.2,"20070715":27.2,"20070716":27.2,"20070717":27.2,"20070718":27.2,"20070821":27.2,"20070822":27.2,"20070701":27.2,"20070823":27.2,"20070702":27.2,"20070824":27.2,"20070703":27.2,"20070820":27.2,"20070708":27.2,"20070829":27.2,"20070709":27.2,"20070825":27.2,"20070704":27.2,"20070826":27.2,"20070705":27.2,"20070827":27.2,"20070706":27.2,"20070828":27.2,"20070707":27.2,"20070612":27.2,"20070613":27.2,"20070614":27.2,"20070615":27.2,"20070730":27.2,"20070731":27.2,"20070610":27.2,"20070611":27.2,"20070616":27.2,"20070617":27.2,"20070618":27.2,"20070619":27.2,"20070722":27.2,"20070601":27.2,"20070723":27.2,"20070602":27.2,"20070724":27.2,"20070603":27.2,"20070725":27.2,"20070604":27.2,"20071015":27.2,"20071016":27.2,"20070720":27.2,"20071017":27.2,"20070721":27.2,"20071011":27.2,"20071012":27.2,"20071013":27.2,"20071014":27.2,"20071010":27.2,"20061229":27.2,"20061227":27.2,"20061228":27.2,"20061225":27.2,"20061226":27.2,"20070609":27.2,"20061223":27.2,"20061224":27.2,"20070726":27.2,"20070605":27.2,"20070727":27.2,"20070606":27.2,"20070728":27.2,"20070607":27.2,"20070729":27.2,"20070608":27.2,"20070513":27.2,"20070514":27.2,"20070515":27.2,"20070516":27.2,"20070630":27.2,"20070510":27.2,"20070511":27.2,"20070512":27.2,"20070517":27.2,"20061230":27.2,"20070518":27.2,"20061231":27.2,"20070519":27.2,"20070623":27.2,"20070502":27.2,"20070624":27.2,"20070503":27.2,"20070625":27.2,"20070504":27.2,"20070626":27.2,"20070505":27.2,"20070620":27.2,"20070621":27.2,"20070622":27.2,"20070501":27.2,"20070627":27.2,"20070506":27.2,"20070628":27.2,"20070507":27.2,"20070629":27.2,"20070508":27.2,"20070509":27.2,"20070414":27.2,"20070415":27.2,"20070416":27.2,"20070417":27.2,"20070531":27.2,"20070410":27.2,"20070411":27.2,"20070412":27.2,"20070413":27.2,"20070530":27.2,"20070418":27.2,"20070419":27.2,"20070524":27.2,"20070403":27.2,"20070525":27.2,"20070404":27.2,"20070526":27.2,"20070405":27.2,"20070527":27.2,"20070406":27.2,"20070520":27.2,"20070521":27.2,"20070522":27.2,"20070401":27.2,"20070523":27.2,"20070402":27.2,"20070528":27.2,"20070407":27.2,"20070529":27.2,"20070408":27.2,"20070409":27.2,"20070315":27.2,"20070316":27.2,"20070317":27.2,"20070318":27.2,"20070311":27.2,"20070312":27.2,"20070313":27.2,"20070314":27.2,"20070430":27.2,"20070310":27.2,"20070319":27.2,"20070425":27.2,"20070304":27.2,"20070426":27.2,"20070305":27.2,"20070427":27.2,"20070306":27.2,"20070428":27.2,"20070307":27.2,"20070421":27.2,"20070422":27.2,"20070301":27.2,"20070423":27.2,"20070302":27.2,"20070424":27.2,"20070303":27.2,"20070420":27.2,"20070429":27.2,"20070308":27.2,"20070309":27.2,"20070216":27.2,"20070217":27.2,"20070218":27.2,"20070219":27.2,"20070212":27.2,"20070213":27.2,"20070214":27.2,"20070215":27.2,"20070330":27.2,"20070331":27.2,"20070210":27.2,"20070211":27.2,"20070326":27.2,"20070205":27.2,"20070327":27.2,"20070206":27.2,"20070328":27.2,"20070207":27.2,"20070329":27.2,"20070208":27.2,"20070322":27.2,"20070201":27.2,"20070323":27.2,"20070202":27.2,"20070324":27.2,"20070203":27.2,"20070325":27.2,"20070204":27.2,"20070320":27.2,"20070321":27.2,"20070209":27.2},"anncStocks":{"20050628":27.2,"20050627":27.2,"20050626":27.2,"20050625":27.2,"20050624":27.2,"20050623":27.2,"20050622":27.2,"20050621":27.2,"20050620":27.2,"20060309":27.2,"20051031":27.2,"20060307":27.2,"20060308":27.2,"20060305":27.2,"20060306":27.2,"20060303":27.2,"20060304":27.2,"20060301":27.2,"20060302":27.2,"20050629":27.2,"20050630":27.2,"20060318":27.2,"20060319":27.2,"20060316":27.2,"20060317":27.2,"20060314":27.2,"20060315":27.2,"20060312":27.2,"20060313":27.2,"20060310":27.2,"20060311":27.2,"20060208":27.2,"20060329":27.2,"20060209":27.2,"20060206":27.2,"20060327":27.2,"20060207":27.2,"20060328":27.2,"20060204":27.2,"20060325":27.2,"20060205":27.2,"20060326":27.2,"20060202":27.2,"20060323":27.2,"20060203":27.2,"20060324":27.2,"20060321":27.2,"20060201":27.2,"20060322":27.2,"20060320":27.2,"20060219":27.2,"20060217":27.2,"20060218":27.2,"20060215":27.2,"20060216":27.2,"20060213":27.2,"20060214":27.2,"20060211":27.2,"20060212":27.2,"20060330":27.2,"20060210":27.2,"20060331":27.2,"20060109":27.2,"20060107":27.2,"20060228":27.2,"20060108":27.2,"20060105":27.2,"20060226":27.2,"20060106":27.2,"20060227":27.2,"20060103":27.2,"20060224":27.2,"20060104":27.2,"20060225":27.2,"20060101":27.2,"20060222":27.2,"20060102":27.2,"20060223":27.2,"20060220":27.2,"20060221":27.2,"20060118":27.2,"20060119":27.2,"20060116":27.2,"20060117":27.2,"20060114":27.2,"20060115":27.2,"20060112":27.2,"20060113":27.2,"20060110":27.2,"20060111":27.2,"20060129":27.2,"20060127":27.2,"20060128":27.2,"20060125":27.2,"20060126":27.2,"20060123":27.2,"20060124":27.2,"20060121":27.2,"20060122":27.2,"20060120":27.2,"20060130":27.2,"20060131":27.2,"20050904":27.2,"20050905":27.2,"20050906":27.2,"20050907":27.2,"20050908":27.2,"20050909":27.2,"20050901":27.2,"20050902":27.2,"20050903":27.2,"20050915":27.2,"20050916":27.2,"20050917":27.2,"20050918":27.2,"20050919":27.2,"20051201":27.2,"20051202":27.2,"20051203":27.2,"20051204":27.2,"20051205":27.2,"20051206":27.2,"20051207":27.2,"20050910":27.2,"20051208":27.2,"20050911":27.2,"20051209":27.2,"20050912":27.2,"20050913":27.2,"20050914":27.2,"20050926":27.2,"20050805":27.2,"20050927":27.2,"20050806":27.2,"20050928":27.2,"20050807":27.2,"20050929":27.2,"20050808":27.2,"20050809":27.2,"20051210":27.2,"20051211":27.2,"20051212":27.2,"20051213":27.2,"20051214":27.2,"20051215":27.2,"20051216":27.2,"20051217":27.2,"20050920":27.2,"20051218":27.2,"20050921":27.2,"20051219":27.2,"20050922":27.2,"20050801":27.2,"20050923":27.2,"20050802":27.2,"20050924":27.2,"20050803":27.2,"20050925":27.2,"20050804":27.2,"20050816":27.2,"20050817":27.2,"20050818":27.2,"20050819":27.2,"20051220":27.2,"20051221":27.2,"20051222":27.2,"20051101":27.2,"20051223":27.2,"20051102":27.2,"20051224":27.2,"20051103":27.2,"20051225":27.2,"20051104":27.2,"20051226":27.2,"20051105":27.2,"20051227":27.2,"20051106":27.2,"20050930":27.2,"20051228":27.2,"20051107":27.2,"20050810":27.2,"20051229":27.2,"20051108":27.2,"20050811":27.2,"20051109":27.2,"20050812":27.2,"20050813":27.2,"20050814":27.2,"20050815":27.2,"20050827":27.2,"20050706":27.2,"20050828":27.2,"20050707":27.2,"20050829":27.2,"20050708":27.2,"20050709":27.2,"20051230":27.2,"20051231":27.2,"20051110":27.2,"20051111":27.2,"20051112":27.2,"20051113":27.2,"20051114":27.2,"20051115":27.2,"20051116":27.2,"20051117":27.2,"20050820":27.2,"20051118":27.2,"20050821":27.2,"20051119":27.2,"20050822":27.2,"20050701":27.2,"20050823":27.2,"20050702":27.2,"20050824":27.2,"20050703":27.2,"20050825":27.2,"20050704":27.2,"20050826":27.2,"20050705":27.2,"20050717":27.2,"20050718":27.2,"20050719":27.2,"20051120":27.2,"20051121":27.2,"20051122":27.2,"20051001":27.2,"20051123":27.2,"20051002":27.2,"20051124":27.2,"20051003":27.2,"20051125":27.2,"20051004":27.2,"20051126":27.2,"20051005":27.2,"20051127":27.2,"20051006":27.2,"20050830":27.2,"20051128":27.2,"20051007":27.2,"20050831":27.2,"20050710":27.2,"20051129":27.2,"20051008":27.2,"20050711":27.2,"20051009":27.2,"20050712":27.2,"20050713":27.2,"20050714":27.2,"20050715":27.2,"20050716":27.2,"20050728":27.2,"20050729":27.2,"20060408":27.2,"20060409":27.2,"20051130":27.2,"20060406":27.2,"20051010":27.2,"20060407":27.2,"20051011":27.2,"20060404":27.2,"20051012":27.2,"20060405":27.2,"20051013":27.2,"20060402":27.2,"20051014":27.2,"20060403":27.2,"20051015":27.2,"20051016":27.2,"20060401":27.2,"20051017":27.2,"20050720":27.2,"20051018":27.2,"20050721":27.2,"20051019":27.2,"20050722":27.2,"20050723":27.2,"20050724":27.2,"20050725":27.2,"20050726":27.2,"20050727":27.2,"20051030":27.2,"20051020":27.2,"20051021":27.2,"20051022":27.2,"20051023":27.2,"20051024":27.2,"20051025":27.2,"20051026":27.2,"20060411":27.2,"20051027":27.2,"20050730":27.2,"20060412":27.2,"20051028":27.2,"20050731":27.2,"20051029":27.2,"20060410":27.2,"20050619":27.2,"20050618":27.2},"recordStocks":{"20070117":27.2,"20070118":27.2,"20070910":27.2,"20070119":27.2,"20070911":27.2,"20070912":27.2,"20070113":27.2,"20070114":27.2,"20070115":27.2,"20070116":27.2,"20070110":27.2,"20070111":27.2,"20070112":27.2,"20070917":27.2,"20070918":27.2,"20070919":27.2,"20070913":27.2,"20070914":27.2,"20070915":27.2,"20070916":27.2,"20070227":27.2,"20070106":27.2,"20070228":27.2,"20070107":27.2,"20070108":27.2,"20070901":27.2,"20070109":27.2,"20070223":27.2,"20070102":27.2,"20070224":27.2,"20070103":27.2,"20070225":27.2,"20070104":27.2,"20070226":27.2,"20070105":27.2,"20070220":27.2,"20070221":27.2,"20070222":27.2,"20070101":27.2,"20070906":27.2,"20070907":27.2,"20070908":27.2,"20070909":27.2,"20070902":27.2,"20070903":27.2,"20070904":27.2,"20070905":27.2,"20070810":27.2,"20070811":27.2,"20070812":27.2,"20070813":27.2,"20070930":27.2,"20070131":27.2,"20070130":27.2,"20070818":27.2,"20070819":27.2,"20070814":27.2,"20070815":27.2,"20070816":27.2,"20070817":27.2,"20070128":27.2,"20070920":27.2,"20070129":27.2,"20070921":27.2,"20070801":27.2,"20070922":27.2,"20070802":27.2,"20070923":27.2,"20070124":27.2,"20070125":27.2,"20070126":27.2,"20070127":27.2,"20070120":27.2,"20070121":27.2,"20070122":27.2,"20070123":27.2,"20070807":27.2,"20070928":27.2,"20070808":27.2,"20070929":27.2,"20070809":27.2,"20070803":27.2,"20070924":27.2,"20070804":27.2,"20070925":27.2,"20070805":27.2,"20070926":27.2,"20070806":27.2,"20070927":27.2,"20070711":27.2,"20071008":27.2,"20070712":27.2,"20071009":27.2,"20070713":27.2,"20070714":27.2,"20071004":27.2,"20071005":27.2,"20070830":27.2,"20071006":27.2,"20070831":27.2,"20070710":27.2,"20071007":27.2,"20071001":27.2,"20071002":27.2,"20071003":27.2,"20070719":27.2,"20070715":27.2,"20070716":27.2,"20070717":27.2,"20070718":27.2,"20070821":27.2,"20070822":27.2,"20070701":27.2,"20070823":27.2,"20070702":27.2,"20070824":27.2,"20070703":27.2,"20070820":27.2,"20070829":27.2,"20070708":27.2,"20070709":27.2,"20070825":27.2,"20070704":27.2,"20070826":27.2,"20070705":27.2,"20070827":27.2,"20070706":27.2,"20070828":27.2,"20070707":27.2,"20070612":27.2,"20070613":27.2,"20070614":27.2,"20070615":27.2,"20070730":27.2,"20070731":27.2,"20070610":27.2,"20070611":27.2,"20071022":27.2,"20071023":27.2,"20071024":27.2,"20071020":27.2,"20071021":27.2,"20070616":27.2,"20070617":27.2,"20070618":27.2,"20070619":27.2,"20070722":27.2,"20070601":27.2,"20071019":27.2,"20070723":27.2,"20070602":27.2,"20070724":27.2,"20070603":27.2,"20070725":27.2,"20070604":27.2,"20071015":27.2,"20071016":27.2,"20070720":27.2,"20071017":27.2,"20070721":27.2,"20071018":27.2,"20071011":27.2,"20071012":27.2,"20071013":27.2,"20071014":27.2,"20071010":27.2,"20070609":27.2,"20070726":27.2,"20070605":27.2,"20070727":27.2,"20070606":27.2,"20070728":27.2,"20070607":27.2,"20070729":27.2,"20070608":27.2,"20070513":27.2,"20070514":27.2,"20070515":27.2,"20070516":27.2,"20070630":27.2,"20070510":27.2,"20070511":27.2,"20070512":27.2,"20070517":27.2,"20061230":27.2,"20070518":27.2,"20061231":27.2,"20070519":27.2,"20070623":27.2,"20070502":27.2,"20070624":27.2,"20070503":27.2,"20070625":27.2,"20070504":27.2,"20070626":27.2,"20070505":27.2,"20070620":27.2,"20070621":27.2,"20070622":27.2,"20070501":27.2,"20070627":27.2,"20070506":27.2,"20070628":27.2,"20070507":27.2,"20070629":27.2,"20070508":27.2,"20070509":27.2,"20070414":27.2,"20070415":27.2,"20070416":27.2,"20070417":27.2,"20070531":27.2,"20070410":27.2,"20070411":27.2,"20070412":27.2,"20070413":27.2,"20070530":27.2,"20070418":27.2,"20070419":27.2,"20070524":27.2,"20070403":27.2,"20070525":27.2,"20070404":27.2,"20070526":27.2,"20070405":27.2,"20070527":27.2,"20070406":27.2,"20070520":27.2,"20070521":27.2,"20070522":27.2,"20070401":27.2,"20070523":27.2,"20070402":27.2,"20070528":27.2,"20070407":27.2,"20070529":27.2,"20070408":27.2,"20070409":27.2,"20070315":27.2,"20070316":27.2,"20070317":27.2,"20070318":27.2,"20070311":27.2,"20070312":27.2,"20070313":27.2,"20070314":27.2,"20070430":27.2,"20070310":27.2,"20070319":27.2,"20070425":27.2,"20070304":27.2,"20070426":27.2,"20070305":27.2,"20070427":27.2,"20070306":27.2,"20070428":27.2,"20070307":27.2,"20070421":27.2,"20070422":27.2,"20070301":27.2,"20070423":27.2,"20070302":27.2,"20070424":27.2,"20070303":27.2,"20070420":27.2,"20070429":27.2,"20070308":27.2,"20070309":27.2,"20070216":27.2,"20070217":27.2,"20070218":27.2,"20070219":27.2,"20070212":27.2,"20070213":27.2,"20070214":27.2,"20070215":27.2,"20070330":27.2,"20070331":27.2,"20070210":27.2,"20070211":27.2,"20070326":27.2,"20070205":27.2,"20070327":27.2,"20070206":27.2,"20070328":27.2,"20070207":27.2,"20070329":27.2,"20070208":27.2,"20070322":27.2,"20070201":27.2,"20070323":27.2,"20070202":27.2,"20070324":27.2,"20070203":27.2,"20070325":27.2,"20070204":27.2,"20070320":27.2,"20070321":27.2,"20070209":27.2}},"excelBean":{"Company":"Dion Global","Rights_Ratio":"1:02","FV":10,"Premium":0,"Announced":"22-02-06","Record":"5/9/2007","Ex_Rights":"29-08-07","Hyperlink":"http://www.moneycontrol.com/stocks/company_info/pricechart.php?sc_did\u003dRT07"}}