{"prime":"sa","number_set":{"balancesheet":[["Share Capital",{"2008-03-31":7.69,"2014-03-31":13.41,"2011-03-31":13.41,"2013-03-31":13.41,"2006-03-31":5.26,"2012-03-31":13.41,"2010-03-31":10.55,"2009-03-31":7.69,"2007-03-31":5.26}],["Reserves",{"2008-03-31":9.45,"2014-03-31":-1.89,"2011-03-31":18.44,"2013-03-31":15.4,"2006-03-31":3.08,"2012-03-31":16.27,"2010-03-31":15.11,"2009-03-31":10.49,"2007-03-31":3.88}],["Borrowings",{"2008-03-31":32.44,"2014-03-31":148.5,"2011-03-31":84.36,"2013-03-31":139.4,"2006-03-31":5.02,"2012-03-31":92.45,"2010-03-31":86.35,"2009-03-31":69.11,"2007-03-31":4.73}],["Other Liabilities",{"2008-03-31":5.77,"2014-03-31":45.38,"2011-03-31":41.44,"2013-03-31":32.0,"2006-03-31":6.1,"2012-03-31":29.18,"2010-03-31":28.2,"2009-03-31":13.96,"2007-03-31":5.82}],["Total Liabilities",{"2008-03-31":55.35,"2014-03-31":205.4,"2011-03-31":157.65,"2013-03-31":200.21,"2006-03-31":18.52,"2012-03-31":151.31,"2010-03-31":140.21,"2009-03-31":101.25,"2007-03-31":18.75}],["Fixed Assets",{"2008-03-31":6.46,"2014-03-31":41.31,"2011-03-31":49.73,"2013-03-31":43.81,"2006-03-31":4.86,"2012-03-31":46.6,"2010-03-31":52.0,"2009-03-31":54.05,"2007-03-31":6.03}],["CWIP",{"2008-03-31":25.52,"2014-03-31":0.0,"2011-03-31":0.0,"2013-03-31":0.0,"2006-03-31":0.04,"2012-03-31":0.0,"2010-03-31":0.0,"2009-03-31":0.0,"2007-03-31":0.25}],["Investments",{"2008-03-31":0.12,"2014-03-31":0.02,"2011-03-31":0.02,"2013-03-31":0.02,"2006-03-31":0.5,"2012-03-31":0.02,"2010-03-31":0.02,"2009-03-31":0.02,"2007-03-31":0.48}],["Other Assets",{"2008-03-31":23.25,"2014-03-31":164.07,"2011-03-31":107.9,"2013-03-31":156.38,"2006-03-31":13.12,"2012-03-31":104.69,"2010-03-31":88.19,"2009-03-31":47.18,"2007-03-31":11.99}],["Total Assets",{"2008-03-31":55.35,"2014-03-31":205.4,"2011-03-31":157.65,"2013-03-31":200.21,"2006-03-31":18.52,"2012-03-31":151.31,"2010-03-31":140.21,"2009-03-31":101.25,"2007-03-31":18.75}]],"annual":[["Sales",{"2008-03-31":45.66,"2014-03-31":63.76,"2011-03-31":171.46,"2013-03-31":87.05,"2006-03-31":27.77,"2012-03-31":94.19,"2010-03-31":183.46,"2009-03-31":56.58,"2007-03-31":39.19}],["Expenses",{"2008-03-31":43.05,"2014-03-31":68.14,"2011-03-31":177.5,"2013-03-31":83.95,"2006-03-31":25.94,"2012-03-31":87.12,"2010-03-31":177.9,"2009-03-31":54.45,"2007-03-31":36.51}],["Operating Profit",{"2008-03-31":2.61,"2014-03-31":-4.38,"2011-03-31":-6.04,"2013-03-31":3.1,"2006-03-31":1.83,"2012-03-31":7.07,"2010-03-31":5.56,"2009-03-31":2.13,"2007-03-31":2.68}],["OPM",{"2008-03-31":5.72,"2014-03-31":-6.87,"2011-03-31":-3.52,"2013-03-31":3.56,"2006-03-31":6.59,"2012-03-31":7.51,"2010-03-31":3.03,"2009-03-31":3.76,"2007-03-31":6.84}],["Other Income",{"2008-03-31":0.1,"2014-03-31":3.47,"2011-03-31":19.6,"2013-03-31":1.97,"2006-03-31":0.21,"2012-03-31":2.46,"2010-03-31":9.93,"2009-03-31":1.92,"2007-03-31":0.19}],["Interest",{"2008-03-31":0.71,"2014-03-31":17.97,"2011-03-31":8.91,"2013-03-31":3.77,"2006-03-31":0.37,"2012-03-31":9.61,"2010-03-31":8.39,"2009-03-31":1.43,"2007-03-31":0.67}],["Depreciation",{"2008-03-31":0.55,"2014-03-31":2.83,"2011-03-31":3.42,"2013-03-31":2.83,"2006-03-31":0.56,"2012-03-31":3.15,"2010-03-31":3.51,"2009-03-31":0.81,"2007-03-31":0.76}],["Profit before tax",{"2008-03-31":1.45,"2014-03-31":-21.71,"2011-03-31":1.23,"2013-03-31":-1.52,"2006-03-31":1.11,"2012-03-31":-3.24,"2010-03-31":3.59,"2009-03-31":1.81,"2007-03-31":1.44}],["Tax",{"2008-03-31":0.59,"2014-03-31":-4.42,"2011-03-31":0.76,"2013-03-31":-0.64,"2006-03-31":0.33,"2012-03-31":-1.07,"2010-03-31":1.62,"2009-03-31":0.77,"2007-03-31":0.4}],["Net Profit",{"2008-03-31":0.86,"2014-03-31":-17.29,"2011-03-31":0.47,"2013-03-31":-0.87,"2006-03-31":0.78,"2012-03-31":-2.17,"2010-03-31":1.97,"2009-03-31":1.04,"2007-03-31":1.04}],["EPS (unadj)",{"2008-03-31":1.12,"2014-03-31":0.0,"2011-03-31":0.18,"2013-03-31":0.0,"2006-03-31":1.74,"2012-03-31":0.0,"2010-03-31":1.87,"2009-03-31":1.35,"2007-03-31":2.34}],["Dividend Payout",{"2008-03-31":0.0,"2014-03-31":-0.0,"2011-03-31":0.0,"2013-03-31":-0.0,"2006-03-31":41.51,"2012-03-31":-0.0,"2010-03-31":0.0,"2009-03-31":0.0,"2007-03-31":20.76}]],"cashflow":[["Cash from Operating Activity",{"2008-03-31":-8.73,"2014-03-31":8.96,"2011-03-31":8.23,"2013-03-31":-29.82,"2006-03-31":-1.72,"2012-03-31":0.16,"2010-03-31":-13.75,"2009-03-31":-11.66,"2007-03-31":3.53}],["Cash from Investing Activity",{"2008-03-31":-25.71,"2014-03-31":-0.16,"2011-03-31":-1.11,"2013-03-31":-0.03,"2006-03-31":-4.2,"2012-03-31":-0.19,"2010-03-31":-1.43,"2009-03-31":-22.83,"2007-03-31":-2.49}],["Cash from Financing Activity",{"2008-03-31":34.12,"2014-03-31":-9.87,"2011-03-31":-6.52,"2013-03-31":30.72,"2006-03-31":6.32,"2012-03-31":-0.66,"2010-03-31":14.66,"2009-03-31":35.2,"2007-03-31":-1.21}],["Net Cash Flow",{"2008-03-31":-0.32,"2014-03-31":-1.07,"2011-03-31":0.6,"2013-03-31":0.87,"2006-03-31":0.4,"2012-03-31":-0.69,"2010-03-31":-0.52,"2009-03-31":0.71,"2007-03-31":-0.17}]],"quarters":[["Sales",{"2014-06-30":0.0,"2014-09-30":0.0,"2014-03-31":0.09,"2015-06-30":0.0,"2013-06-30":46.84,"2013-03-31":28.37,"2014-12-31":0.0,"2015-12-31":0.0,"2013-12-31":7.61,"2013-09-30":28.78,"2015-09-30":0.0,"2015-03-31":0.0}],["Expenses",{"2014-06-30":0.12,"2014-09-30":0.15,"2014-03-31":0.41,"2015-06-30":0.13,"2013-06-30":45.59,"2013-03-31":25.4,"2014-12-31":0.12,"2015-12-31":0.1,"2013-12-31":9.19,"2013-09-30":28.61,"2015-09-30":0.11,"2015-03-31":0.13}],["Operating Profit",{"2014-06-30":-0.12,"2014-09-30":-0.15,"2014-03-31":-0.32,"2015-06-30":-0.13,"2013-06-30":1.25,"2013-03-31":2.97,"2014-12-31":-0.12,"2015-12-31":-0.1,"2013-12-31":-1.58,"2013-09-30":0.17,"2015-09-30":-0.11,"2015-03-31":-0.13}],["OPM",{"2014-06-30":"--","2014-09-30":"--","2014-03-31":-355.56,"2015-06-30":"--","2013-06-30":2.67,"2013-03-31":10.47,"2014-12-31":"--","2015-12-31":"--","2013-12-31":-20.76,"2013-09-30":0.59,"2015-09-30":"--","2015-03-31":"--"}],["Other Income",{"2014-06-30":0.0,"2014-09-30":0.0,"2014-03-31":0.0,"2015-06-30":0.0,"2013-06-30":1.09,"2013-03-31":0.04,"2014-12-31":0.0,"2015-12-31":0.0,"2013-12-31":0.13,"2013-09-30":1.05,"2015-09-30":0.0,"2015-03-31":0.0}],["Depreciation",{"2014-06-30":0.71,"2014-09-30":0.71,"2014-03-31":0.79,"2015-06-30":0.71,"2013-06-30":0.79,"2013-03-31":0.79,"2014-12-31":0.71,"2015-12-31":0.71,"2013-12-31":0.79,"2013-09-30":0.79,"2015-09-30":0.71,"2015-03-31":0.71}],["Interest",{"2014-06-30":0.0,"2014-09-30":3.0,"2014-03-31":-0.37,"2015-06-30":0.0,"2013-06-30":2.56,"2013-03-31":2.64,"2014-12-31":0.0,"2015-12-31":0.0,"2013-12-31":3.03,"2013-09-30":3.08,"2015-09-30":0.0,"2015-03-31":0.0}],["Profit before tax",{"2014-06-30":-0.83,"2014-09-30":-3.86,"2014-03-31":-0.74,"2015-06-30":-0.84,"2013-06-30":-1.0,"2013-03-31":-0.42,"2014-12-31":-0.83,"2015-12-31":-0.81,"2013-12-31":-5.27,"2013-09-30":-2.64,"2015-09-30":-0.82,"2015-03-31":-0.84}],["Tax",{"2014-06-30":0.0,"2014-09-30":0.0,"2014-03-31":0.0,"2015-06-30":0.0,"2013-06-30":0.0,"2013-03-31":0.0,"2014-12-31":0.0,"2015-12-31":0.0,"2013-12-31":0.0,"2013-09-30":0.0,"2015-09-30":0.0,"2015-03-31":0.0}],["Net Profit",{"2014-06-30":-0.82,"2014-09-30":-3.85,"2014-03-31":-0.73,"2015-06-30":-0.83,"2013-06-30":-1.0,"2013-03-31":-0.42,"2014-12-31":-0.83,"2015-12-31":-0.8,"2013-12-31":-5.27,"2013-09-30":-2.64,"2015-09-30":-0.82,"2015-03-31":-0.84}]]},"bse_code":"530945","short_name":"Gangotri Iron","nse_code":"","companyrating_set":[],"annualreport_set":[{"source":"bse","report_date":2014,"link":"http://www.bseindia.com/bseplus/AnnualReport/530945/5309450314.pdf"},{"source":"bse","report_date":2013,"link":"http://www.bseindia.com/bseplus/annualreport/530945/5309450313.pdf"},{"source":"bse","report_date":2012,"link":"http://www.bseindia.com/bseplus/annualreport/530945/5309450312.pdf"},{"source":"bse","report_date":2011,"link":"http://www.bseindia.com/bseplus/annualreport/530945/5309450311.pdf"},{"source":"bse","report_date":2010,"link":"http://www.bseindia.com/bseplus/annualreport/530945/5309450310.pdf"}],"announcement_set":[{"ann_date":"05 Mar 2016","announcement":"Shareholding for the Period Ended December 31, 2015","link":"http://www.bseindia.com/corporates/anndet_new.aspx?newsid\u003dd136b36d-335d-45f8-b966-ead443a4b1e6"},{"ann_date":"19 Feb 2016","announcement":"Financial Results for December 31, 2015","link":"http://www.bseindia.com/corporates/anndet_new.aspx?newsid\u003d4e4d700a-cd53-4fdd-94b5-303cf5e412aa"},{"ann_date":"01 Jan 2016","announcement":"Financial Results for Sept 30, 2015 (Standalone)","link":"http://www.bseindia.com/corporates/anndet_new.aspx?newsid\u003d0aa764a7-9f8c-4492-836e-ad0b819a38c6"},{"ann_date":"13 Nov 2015","announcement":"Disclosure of Voting results of AGM (Clause 35A)","link":"http://www.bseindia.com/corporates/anndet_new.aspx?newsid\u003d9af75f47-c0b6-46a4-a766-69c3067b9039"},{"ann_date":"21 Oct 2015","announcement":"Shareholding Pattern for September 30, 2015","link":"http://www.bseindia.com/corporates/anndet_new.aspx?newsid\u003d88302b61-8069-42a0-91ce-581ec2478102"}],"warehouse_set":{"high_price":0.52,"low_price":0.3,"sales_growth":-100.0,"current_price":0.45,"dividend_yield":0.0,"face_value":5.0,"id":2803,"sales_growth_3years":-28.08,"average_return_on_equity_3years":-18.25,"book_value":3.06,"status":"Active","profit_growth":47.19,"market_capitalization":1.21,"industry":"Iron \u0026 Steel/Interm. Products","analysis":{"remarks":[],"bad":["Company has low interest coverage ratio.","Promoter\u0027s stake has decreased","The company has delivered a poor growth of 2.42% over past five years.","Promoter holding is low: 27.91%","Company has a low return on equity of -18.25% for last 3 years.","Contingent liabilities of Rs.0.57 Cr.","Promoters have pledged 47.58% of their holding"],"good":["Stock is trading at 0.15 times its book value"]},"result_type":"sa","sales_growth_5years":2.42,"return_on_equity":-85.74,"average_return_on_equity_5years":-7.8},"id":1093,"name":"Gangotri Iron and Steel Company Ltd","screenerStockPrice":{"prices":[0.72,3.78,7.93,12.2,6.38,5.18,5.28,8.51,9.95,10.65,11.23,17.9,16.9,17.53,9.7,5.68,7.22,7.37,7.76,7.93,8.33,9.2,8.85,8.75,10.9,12.1,8.98,8.15,7.85,7.48,7.98,8.05,7.73,9.2,9.18,9.33,9.5,9.0,10.45,11.03,12.75,12.23,13.43,13.55,12.48,13.3,13.73,14.95,15.28,14.78,14.15,16.68,21.2,19.15,16.43,17.78,16.98,20.83,16.58,13.8,11.63,8.33,9.03,9.98,9.63,8.73,8.03,8.23,7.9,8.28,8.45,7.63,6.22,4.69,3.8,4.13,4.36,3.51,3.46,3.38,3.51,5.41,6.93,8.74,8.78,9.55,9.13,10.35,12.38,12.95,13.45,14.78,15.68,18.38,21.83,19.48,18.4,19.25,22.75,24.53,27.53,26.83,25.13,32.1,32.53,37.73,31.3,30.15,36.3,44.63,39.6,43.95,41.2,39.25,39.95,34.85,36.75,42.3,45.55,56.4,64.45,61.0,55.85,53.2,58.5,59.1,47.7,49.2,49.6,50.85,52.05,48.55,50.35,47.4,35.65,40.65,44.6,42.95,40.85,41.55,41.95,41.1,45.8,47.8,45.0,40.9,39.55,39.2,39.05,38.3,38.4,37.5,36.05,44.45,45.5,46.45,19.2,10.08,7.35,5.71,4.45,3.48,3.02,3.84,4.18,3.5,2.84,3.61,4.37,4.25,3.55,3.05,3.64,2.9,2.89,2.6,2.28,2.3,3.39,3.14,3.14,2.28,2.14,1.71,1.26,0.97,0.8,0.52,0.49,0.69,0.52,0.34,0.28,0.27,0.28,0.21,0.27,0.2,0.22,0.31,0.4,0.46,0.47],"dates":["12 Jan 2005","02 Feb 2005","21 Feb 2005","10 Mar 2005","30 Mar 2005","19 Apr 2005","09 May 2005","26 May 2005","13 Jun 2005","30 Jun 2005","19 Jul 2005","08 Aug 2005","26 Aug 2005","15 Sep 2005","04 Oct 2005","24 Oct 2005","14 Nov 2005","01 Dec 2005","20 Dec 2005","06 Jan 2006","27 Jan 2006","16 Feb 2006","07 Mar 2006","27 Mar 2006","18 Apr 2006","05 May 2006","24 May 2006","12 Jun 2006","28 Jun 2006","17 Jul 2006","03 Aug 2006","23 Aug 2006","11 Sep 2006","28 Sep 2006","18 Oct 2006","07 Nov 2006","24 Nov 2006","13 Dec 2006","03 Jan 2007","22 Jan 2007","12 Feb 2007","02 Mar 2007","21 Mar 2007","11 Apr 2007","30 Apr 2007","21 May 2007","07 Jun 2007","26 Jun 2007","13 Jul 2007","01 Aug 2007","21 Aug 2007","07 Sep 2007","26 Sep 2007","16 Oct 2007","02 Nov 2007","21 Nov 2007","10 Dec 2007","31 Dec 2007","17 Jan 2008","05 Feb 2008","22 Feb 2008","13 Mar 2008","03 Apr 2008","24 Apr 2008","14 May 2008","03 Jun 2008","20 Jun 2008","09 Jul 2008","28 Jul 2008","14 Aug 2008","04 Sep 2008","23 Sep 2008","14 Oct 2008","03 Nov 2008","21 Nov 2008","12 Dec 2008","01 Jan 2009","21 Jan 2009","10 Feb 2009","03 Mar 2009","24 Mar 2009","16 Apr 2009","07 May 2009","27 May 2009","15 Jun 2009","02 Jul 2009","21 Jul 2009","07 Aug 2009","26 Aug 2009","14 Sep 2009","06 Oct 2009","26 Oct 2009","13 Nov 2009","02 Dec 2009","21 Dec 2009","12 Jan 2010","01 Feb 2010","18 Feb 2010","10 Mar 2010","30 Mar 2010","20 Apr 2010","07 May 2010","26 May 2010","14 Jun 2010","01 Jul 2010","20 Jul 2010","06 Aug 2010","25 Aug 2010","14 Sep 2010","01 Oct 2010","20 Oct 2010","08 Nov 2010","26 Nov 2010","15 Dec 2010","04 Jan 2011","21 Jan 2011","10 Feb 2011","01 Mar 2011","21 Mar 2011","07 Apr 2011","29 Apr 2011","18 May 2011","06 Jun 2011","23 Jun 2011","12 Jul 2011","29 Jul 2011","18 Aug 2011","08 Sep 2011","27 Sep 2011","17 Oct 2011","04 Nov 2011","25 Nov 2011","15 Dec 2011","03 Jan 2012","19 Jan 2012","08 Feb 2012","28 Feb 2012","16 Mar 2012","04 Apr 2012","25 Apr 2012","14 May 2012","31 May 2012","19 Jun 2012","06 Jul 2012","25 Jul 2012","13 Aug 2012","03 Sep 2012","20 Sep 2012","10 Oct 2012","30 Oct 2012","19 Nov 2012","07 Dec 2012","27 Dec 2012","15 Jan 2013","01 Feb 2013","20 Feb 2013","11 Mar 2013","01 Apr 2013","18 Apr 2013","10 May 2013","28 May 2013","14 Jun 2013","03 Jul 2013","22 Jul 2013","08 Aug 2013","30 Aug 2013","19 Sep 2013","09 Oct 2013","29 Oct 2013","19 Nov 2013","09 Dec 2013","02 Jan 2014","22 Jan 2014","17 Feb 2014","18 Mar 2014","09 Apr 2014","15 May 2014","03 Jun 2014","20 Jun 2014","24 Jul 2014","26 Aug 2014","17 Sep 2014","14 Oct 2014","14 Nov 2014","03 Dec 2014","23 Dec 2014","12 Jan 2015","02 Feb 2015","03 Mar 2015","26 Mar 2015","08 May 2015","27 May 2015","23 Jun 2015","10 Jul 2015","29 Jul 2015","19 Aug 2015","23 Sep 2015","16 Oct 2015","07 Jan 2016","01 Mar 2016","29 Apr 2016","31 May 2016","09 Jan 2017"],"id":"1093"},"stockPricesEventDays":{"exRightsStocks":{"20090122":3.35,"20090123":3.27,"20090401":5.63,"20090127":3.61,"20090402":5.49,"20090128":3.38,"20090129":3.55,"20080716":7.28,"20080717":7.33,"20080714":7.8,"20080715":7.55,"20090120":3.87,"20080718":7.58,"20090121":3.51,"20081126":3.95,"20081006":6.63,"20081124":4.15,"20081003":7.18,"20081125":3.95,"20081128":3.85,"20081007":6.54,"20080710":8.25,"20081008":7.22,"20080711":7.9,"20090406":5.53,"20090408":5.75,"20081001":7.0,"20090409":5.55,"20081120":3.79,"20081121":3.8,"20090413":5.63,"20090415":5.53,"20080826":7.9,"20080827":8.05,"20080825":8.13,"20080709":8.23,"20090130":3.7,"20080828":8.0,"20080707":7.88,"20080829":8.73,"20080708":7.6,"20081114":4.7,"20081119":3.78,"20080822":7.88,"20081117":4.25,"20080820":7.9,"20081118":4.0,"20080821":8.0,"20090416":5.41,"20090417":5.9,"20081111":4.54,"20081112":4.35,"20081230":3.55,"20081231":3.63,"20081110":4.68,"20090101":4.36,"20090102":4.25,"20090224":3.43,"20090226":3.69,"20090105":4.3,"20090227":3.49,"20090106":4.26,"20090107":4.0,"20090220":3.18,"20081027":3.9,"20080730":8.15,"20081028":4.1,"20080731":7.88,"20081029":4.13,"20090109":3.77,"20081020":6.25,"20081023":5.25,"20081024":4.75,"20081021":5.5,"20081022":5.13,"20090112":3.55,"20090113":3.73,"20090114":3.37,"20090115":3.17,"20090116":3.71,"20080728":7.9,"20080725":7.85,"20080729":7.85,"20081016":5.67,"20081017":5.62,"20081014":6.22,"20081015":5.88,"20080723":8.0,"20080724":8.03,"20080721":7.33,"20080722":7.7,"20090119":3.51,"20081013":6.97,"20081010":5.97,"20090320":3.73,"20090202":3.29,"20090323":3.65,"20090203":3.5,"20090324":3.51,"20090204":3.72,"20090325":4.11,"20090205":3.47,"20090326":4.86,"20090206":3.65,"20090327":5.75,"20080915":7.95,"20080912":8.73,"20080918":7.33,"20080919":7.85,"20080916":7.5,"20080917":7.55,"20081203":3.9,"20081204":4.0,"20081201":3.8,"20081202":4.05,"20080910":7.9,"20081208":3.95,"20080911":7.53,"20081205":3.75,"20090209":3.3,"20090210":3.46,"20090331":5.5,"20090211":3.5,"20080909":7.95,"20090213":3.98,"20090216":3.75,"20090217":3.75,"20080904":8.45,"20080901":8.7,"20080902":8.33,"20080908":8.03,"20080905":8.0,"20090330":5.52,"20090218":3.23,"20090219":3.45,"20081031":4.0,"20090420":5.75,"20090421":6.13,"20090422":6.14,"20090302":3.72,"20090423":6.75,"20090303":3.38,"20090424":7.11,"20090304":3.34,"20090305":4.0,"20080813":8.45,"20080814":8.28,"20080819":8.1,"20080818":8.18,"20081104":4.63,"20081226":3.87,"20081105":4.88,"20081223":4.35,"20081224":4.1,"20081103":4.69,"20081229":3.68,"20080811":8.23,"20080812":8.45,"20081106":5.0,"20080930":6.98,"20081107":4.95,"20090306":3.67,"20090427":7.44,"20090428":7.34,"20090429":7.26,"20090309":4.28,"20081222":4.3,"20090312":4.5,"20090313":4.25,"20090316":4.19,"20080925":7.5,"20080804":8.23,"20080926":7.3,"20080805":8.08,"20080923":7.63,"20080924":7.63,"20080929":6.78,"20080808":8.0,"20080806":8.03,"20080807":7.98,"20081215":4.45,"20081212":4.13,"20081218":4.37,"20081219":4.0,"20080922":7.73,"20080801":7.95,"20081216":4.17,"20081217":4.45,"20090317":4.07,"20090318":3.8,"20090319":3.75,"20081210":4.25},"anncStocks":{"20071206":17.18,"20071207":16.98,"20070910":19.85,"20070911":23.28,"20070912":21.88,"20071203":17.1,"20071204":16.85,"20071205":17.48,"20070917":21.75,"20070918":21.83,"20070919":21.98,"20070913":22.63,"20070914":22.08,"20070906":16.08,"20070907":16.68,"20070903":14.7,"20070904":14.78,"20070905":14.78,"20071228":20.58,"20071107":16.83,"20071108":16.13,"20071109":16.38,"20070813":15.58,"20071224":19.35,"20071226":20.03,"20071105":17.25,"20071227":19.95,"20071106":16.3,"20071220":19.53,"20071101":16.73,"20071102":16.43,"20070814":15.48,"20070816":14.98,"20070817":14.75,"20071217":19.33,"20070920":21.38,"20071218":20.0,"20070921":20.85,"20071219":20.05,"20071213":19.13,"20071214":21.15,"20071210":16.98,"20071211":19.33,"20080604":8.18,"20071212":19.15,"20080602":8.65,"20080603":8.73,"20070928":22.28,"20070924":22.08,"20070925":21.78,"20070926":21.2,"20070927":21.6,"20071129":16.05,"20071008":21.18,"20071009":21.2,"20071004":21.4,"20071126":16.85,"20071005":20.28,"20071127":16.58,"20070830":14.45,"20071128":16.38,"20070831":14.83,"20071121":17.78,"20071122":17.3,"20071001":22.25,"20071123":16.78,"20080516":9.48,"20071003":22.25,"20071120":20.6,"20080514":9.63,"20080515":9.25,"20080512":9.73,"20080513":9.55,"20070821":14.15,"20071119":19.6,"20070822":14.78,"20070823":14.33,"20070824":14.45,"20071114":17.05,"20071115":17.48,"20071116":16.35,"20070820":15.05,"20071231":20.83,"20080507":10.0,"20080508":9.75,"20071112":15.85,"20080505":9.95,"20071113":16.55,"20080506":9.9,"20080509":9.78,"20080502":9.4,"20070829":14.85,"20070827":14.75,"20070828":14.95,"20071026":18.25,"20071029":19.65,"20071022":16.33,"20071023":16.33,"20071024":17.18,"20080417":9.5,"20071025":17.33,"20080411":8.9,"20080530":8.93,"20080410":8.73,"20080415":8.68,"20080416":9.23,"20071019":16.8,"20071015":20.08,"20071016":19.15,"20071017":18.55,"20071018":17.95,"20080408":8.6,"20071011":20.4,"20080529":9.0,"20080409":8.63,"20071012":19.65,"20080527":9.0,"20080407":8.65,"20080528":9.05,"20071130":16.38,"20071010":20.58,"20080521":9.68,"20080401":9.75,"20080522":9.5,"20080520":10.0,"20080404":8.73,"20080526":9.18,"20080402":9.88,"20080523":9.33,"20080403":9.03,"20080318":7.88,"20080319":8.03,"20080312":9.15,"20080313":8.33,"20080310":8.2,"20080311":8.75,"20080317":7.85,"20080314":8.63,"20080430":9.6,"20080307":8.7,"20080428":9.83,"20080429":9.8,"20071030":18.33,"20071031":18.25,"20080422":10.35,"20080423":10.03,"20080421":10.5,"20080305":9.23,"20080303":10.7,"20080424":9.98,"20080304":9.18,"20080425":10.03,"20080219":11.45,"20080213":11.55,"20080214":11.25,"20080211":11.9,"20080212":11.75,"20080218":11.08,"20080215":10.9,"20080331":8.85,"20080208":13.0,"20080324":7.05,"20080201":13.65,"20080327":7.88,"20080206":13.45,"20080328":9.3,"20080207":13.13,"20080325":7.4,"20080204":14.18,"20080326":7.45,"20080205":13.8,"20080114":17.95,"20080115":17.53,"20080118":15.93,"20080116":16.68,"20080117":16.58,"20080110":17.23,"20080111":17.35,"20080109":18.28,"20080103":21.8,"20080225":11.13,"20080104":20.73,"20080222":11.63,"20080101":21.88,"20080102":22.03,"20080228":11.45,"20080107":20.28,"20080229":11.33,"20080108":18.83,"20080226":11.25,"20080227":11.45,"20080220":11.43,"20080221":11.6,"20080130":13.8,"20080131":13.5,"20080125":13.78,"20080123":13.03,"20080124":11.6,"20080129":14.0,"20080128":13.85,"20080121":14.0,"20080122":11.43},"recordStocks":{"20090122":3.35,"20090123":3.27,"20090401":5.63,"20090127":3.61,"20090402":5.49,"20090128":3.38,"20090129":3.55,"20080716":7.28,"20080717":7.33,"20080714":7.8,"20080715":7.55,"20090120":3.87,"20080718":7.58,"20090121":3.51,"20081126":3.95,"20081006":6.63,"20081124":4.15,"20081003":7.18,"20081125":3.95,"20081128":3.85,"20081007":6.54,"20081008":7.22,"20090406":5.53,"20090408":5.75,"20081001":7.0,"20090409":5.55,"20081120":3.79,"20081121":3.8,"20090413":5.63,"20090415":5.53,"20080826":7.9,"20080827":8.05,"20080825":8.13,"20090130":3.7,"20080828":8.0,"20080829":8.73,"20081114":4.7,"20081119":3.78,"20080822":7.88,"20081117":4.25,"20080820":7.9,"20081118":4.0,"20080821":8.0,"20090416":5.41,"20090417":5.9,"20081111":4.54,"20081112":4.35,"20081230":3.55,"20081231":3.63,"20081110":4.68,"20090101":4.36,"20090102":4.25,"20090224":3.43,"20090226":3.69,"20090105":4.3,"20090227":3.49,"20090106":4.26,"20090107":4.0,"20090220":3.18,"20081027":3.9,"20080730":8.15,"20081028":4.1,"20080731":7.88,"20081029":4.13,"20090504":7.17,"20090109":3.77,"20081020":6.25,"20090505":6.94,"20090506":6.85,"20090507":6.93,"20081023":5.25,"20090508":6.75,"20081024":4.75,"20081021":5.5,"20081022":5.13,"20090112":3.55,"20090113":3.73,"20090114":3.37,"20090115":3.17,"20090116":3.71,"20080728":7.9,"20080725":7.85,"20080729":7.85,"20081016":5.67,"20081017":5.62,"20081014":6.22,"20081015":5.88,"20080723":8.0,"20080724":8.03,"20080721":7.33,"20080722":7.7,"20090119":3.51,"20081013":6.97,"20081010":5.97,"20090320":3.73,"20090202":3.29,"20090323":3.65,"20090203":3.5,"20090324":3.51,"20090204":3.72,"20090325":4.11,"20090205":3.47,"20090326":4.86,"20090206":3.65,"20090327":5.75,"20080915":7.95,"20080912":8.73,"20080918":7.33,"20080919":7.85,"20080916":7.5,"20080917":7.55,"20081203":3.9,"20081204":4.0,"20081201":3.8,"20081202":4.05,"20080910":7.9,"20081208":3.95,"20080911":7.53,"20081205":3.75,"20090209":3.3,"20090210":3.46,"20090331":5.5,"20090211":3.5,"20080909":7.95,"20090213":3.98,"20090216":3.75,"20090217":3.75,"20080904":8.45,"20080901":8.7,"20080902":8.33,"20080908":8.03,"20080905":8.0,"20090330":5.52,"20090218":3.23,"20090219":3.45,"20081031":4.0,"20090420":5.75,"20090421":6.13,"20090422":6.14,"20090302":3.72,"20090423":6.75,"20090303":3.38,"20090424":7.11,"20090304":3.34,"20090305":4.0,"20080813":8.45,"20080814":8.28,"20080819":8.1,"20080818":8.18,"20081104":4.63,"20081226":3.87,"20081105":4.88,"20081223":4.35,"20081224":4.1,"20081103":4.69,"20081229":3.68,"20080811":8.23,"20080812":8.45,"20081106":5.0,"20080930":6.98,"20081107":4.95,"20090306":3.67,"20090427":7.44,"20090428":7.34,"20090429":7.26,"20090309":4.28,"20081222":4.3,"20090312":4.5,"20090313":4.25,"20090316":4.19,"20080925":7.5,"20080804":8.23,"20080926":7.3,"20080805":8.08,"20080923":7.63,"20080924":7.63,"20080929":6.78,"20080808":8.0,"20080806":8.03,"20080807":7.98,"20081215":4.45,"20081212":4.13,"20081218":4.37,"20081219":4.0,"20080922":7.73,"20080801":7.95,"20081216":4.17,"20081217":4.45,"20090317":4.07,"20090318":3.8,"20090319":3.75,"20081210":4.25}},"excelBean":{"Company":"Gangotri Iron","Rights_Ratio":"4:05","FV":10,"Premium":10,"Announced":"16-04-08","Record":"20-03-09","Ex_Rights":"13-03-09","Hyperlink":"http://www.moneycontrol.com/stocks/company_info/pricechart.php?sc_did\u003dGIS01"}}