{"prime":"sa","number_set":{"balancesheet":[["Share Capital",{"2008-03-31":2.27,"2016-03-31":98.43,"2014-03-31":98.43,"2011-03-31":12.79,"2015-03-31":98.43,"2013-03-31":98.43,"2006-03-31":1.79,"2012-03-31":22.27,"2017-03-31":98.43,"2010-03-31":2.27,"2009-03-31":2.27,"2007-03-31":1.79}],["Reserves",{"2008-03-31":0.44,"2016-03-31":2.67,"2014-03-31":2.5,"2011-03-31":7.81,"2015-03-31":2.57,"2013-03-31":2.34,"2006-03-31":0.41,"2012-03-31":1.09,"2017-03-31":2.7,"2010-03-31":0.44,"2009-03-31":0.46,"2007-03-31":0.43}],["Borrowings",{"2008-03-31":0.27,"2016-03-31":0.07,"2014-03-31":0.1,"2011-03-31":0.02,"2015-03-31":0.1,"2013-03-31":0.0,"2006-03-31":0.0,"2012-03-31":0.0,"2017-03-31":0.39,"2010-03-31":0.01,"2009-03-31":0.19,"2007-03-31":0.21}],["Other Liabilities",{"2008-03-31":2.32,"2016-03-31":1.91,"2014-03-31":0.27,"2011-03-31":0.05,"2015-03-31":2.02,"2013-03-31":0.13,"2006-03-31":2.11,"2012-03-31":0.05,"2017-03-31":3.14,"2010-03-31":1.46,"2009-03-31":2.61,"2007-03-31":0.24}],["Total Liabilities",{"2008-03-31":5.3,"2016-03-31":103.08,"2014-03-31":101.3,"2011-03-31":20.67,"2015-03-31":103.12,"2013-03-31":100.9,"2006-03-31":4.31,"2012-03-31":23.41,"2017-03-31":104.66,"2010-03-31":4.18,"2009-03-31":5.53,"2007-03-31":2.67}],["Fixed Assets",{"2008-03-31":0.69,"2016-03-31":64.42,"2014-03-31":64.72,"2011-03-31":0.42,"2015-03-31":64.55,"2013-03-31":64.89,"2006-03-31":0.01,"2012-03-31":0.37,"2017-03-31":64.34,"2010-03-31":0.48,"2009-03-31":0.57,"2007-03-31":0.72}],["CWIP",{"2008-03-31":0.0,"2016-03-31":0.0,"2014-03-31":0.0,"2011-03-31":0.0,"2015-03-31":0.0,"2013-03-31":0.0,"2006-03-31":0.0,"2012-03-31":0.0,"2017-03-31":0.0,"2010-03-31":0.0,"2009-03-31":0.0,"2007-03-31":0.0}],["Investments",{"2008-03-31":0.07,"2016-03-31":4.12,"2014-03-31":4.14,"2011-03-31":1.08,"2015-03-31":4.14,"2013-03-31":2.84,"2006-03-31":0.66,"2012-03-31":1.28,"2017-03-31":3.54,"2010-03-31":0.08,"2009-03-31":0.07,"2007-03-31":0.02}],["Other Assets",{"2008-03-31":4.54,"2016-03-31":34.54,"2014-03-31":32.44,"2011-03-31":19.17,"2015-03-31":34.43,"2013-03-31":33.17,"2006-03-31":3.64,"2012-03-31":21.76,"2017-03-31":36.78,"2010-03-31":3.62,"2009-03-31":4.89,"2007-03-31":1.93}],["Total Assets",{"2008-03-31":5.3,"2016-03-31":103.08,"2014-03-31":101.3,"2011-03-31":20.67,"2015-03-31":103.12,"2013-03-31":100.9,"2006-03-31":4.31,"2012-03-31":23.41,"2017-03-31":104.66,"2010-03-31":4.18,"2009-03-31":5.53,"2007-03-31":2.67}]],"annual":[["Sales",{"2008-03-31":2.77,"2016-03-31":2.66,"2014-03-31":1.13,"2011-03-31":0.0,"2015-03-31":3.47,"2013-03-31":0.97,"2006-03-31":3.36,"2012-03-31":0.77,"2017-03-31":4.43,"2010-03-31":1.19,"2009-03-31":1.98,"2007-03-31":2.18}],["Expenses",{"2008-03-31":2.62,"2016-03-31":2.53,"2014-03-31":0.67,"2011-03-31":-0.08,"2015-03-31":3.19,"2013-03-31":0.88,"2006-03-31":3.4,"2012-03-31":0.88,"2017-03-31":4.35,"2010-03-31":1.1,"2009-03-31":1.85,"2007-03-31":2.06}],["Operating Profit",{"2008-03-31":0.15,"2016-03-31":0.13,"2014-03-31":0.46,"2011-03-31":0.08,"2015-03-31":0.28,"2013-03-31":0.09,"2006-03-31":-0.04,"2012-03-31":-0.11,"2017-03-31":0.08,"2010-03-31":0.09,"2009-03-31":0.13,"2007-03-31":0.12}],["OPM",{"2008-03-31":5.42,"2016-03-31":4.89,"2014-03-31":40.71,"2011-03-31":"--","2015-03-31":8.07,"2013-03-31":9.28,"2006-03-31":-1.19,"2012-03-31":-14.29,"2017-03-31":1.81,"2010-03-31":7.56,"2009-03-31":6.57,"2007-03-31":5.5}],["Other Income",{"2008-03-31":0.01,"2016-03-31":0.02,"2014-03-31":0.0,"2011-03-31":0.0,"2015-03-31":0.01,"2013-03-31":0.0,"2006-03-31":0.1,"2012-03-31":0.01,"2017-03-31":0.03,"2010-03-31":0.01,"2009-03-31":0.01,"2007-03-31":0.01}],["Interest",{"2008-03-31":0.0,"2016-03-31":0.0,"2014-03-31":0.0,"2011-03-31":0.0,"2015-03-31":0.0,"2013-03-31":0.0,"2006-03-31":0.05,"2012-03-31":0.0,"2017-03-31":0.0,"2010-03-31":0.0,"2009-03-31":0.0,"2007-03-31":0.0}],["Depreciation",{"2008-03-31":0.14,"2016-03-31":0.12,"2014-03-31":0.17,"2011-03-31":0.07,"2015-03-31":0.17,"2013-03-31":0.17,"2006-03-31":0.0,"2012-03-31":0.05,"2017-03-31":0.08,"2010-03-31":0.09,"2009-03-31":0.11,"2007-03-31":0.1}],["Profit before tax",{"2008-03-31":0.02,"2016-03-31":0.03,"2014-03-31":0.29,"2011-03-31":0.01,"2015-03-31":0.12,"2013-03-31":-0.08,"2006-03-31":0.02,"2012-03-31":-0.16,"2017-03-31":0.04,"2010-03-31":0.01,"2009-03-31":0.03,"2007-03-31":0.03}],["Tax",{"2008-03-31":0.01,"2016-03-31":-0.08,"2014-03-31":0.13,"2011-03-31":0.0,"2015-03-31":0.06,"2013-03-31":0.0,"2006-03-31":0.01,"2012-03-31":0.0,"2017-03-31":0.01,"2010-03-31":0.03,"2009-03-31":0.01,"2007-03-31":0.01}],["Net Profit",{"2008-03-31":0.01,"2016-03-31":0.11,"2014-03-31":0.16,"2011-03-31":0.01,"2015-03-31":0.06,"2013-03-31":-0.08,"2006-03-31":0.01,"2012-03-31":-0.16,"2017-03-31":0.03,"2010-03-31":-0.02,"2009-03-31":0.02,"2007-03-31":0.02}],["EPS (unadj)",{"2008-03-31":0.0,"2016-03-31":0.0,"2014-03-31":0.0,"2011-03-31":0.0,"2015-03-31":0.0,"2013-03-31":0.0,"2006-03-31":0.01,"2012-03-31":0.0,"2017-03-31":0.0,"2010-03-31":0.0,"2009-03-31":0.01,"2007-03-31":0.01}],["Dividend Payout",{"2008-03-31":0.0,"2016-03-31":0.0,"2014-03-31":0.0,"2011-03-31":0.0,"2015-03-31":0.0,"2013-03-31":-0.0,"2006-03-31":0.0,"2012-03-31":-0.0,"2017-03-31":0.0,"2010-03-31":-0.0,"2009-03-31":0.0,"2007-03-31":0.0}]],"cashflow":[["Cash from Operating Activity",{"2008-03-31":-0.42,"2016-03-31":-0.19,"2014-03-31":1.36,"2011-03-31":-16.53,"2015-03-31":0.16,"2013-03-31":-11.17,"2006-03-31":-0.53,"2012-03-31":-3.15,"2017-03-31":-0.49,"2010-03-31":1.03,"2009-03-31":-0.3,"2007-03-31":-0.05}],["Cash from Investing Activity",{"2008-03-31":-0.21,"2016-03-31":0.02,"2014-03-31":-1.3,"2011-03-31":-0.91,"2015-03-31":-0.01,"2013-03-31":-66.19,"2006-03-31":0.58,"2012-03-31":-0.15,"2017-03-31":0.59,"2010-03-31":-0.86,"2009-03-31":0.41,"2007-03-31":-0.17}],["Cash from Financing Activity",{"2008-03-31":0.55,"2016-03-31":0.06,"2014-03-31":-0.12,"2011-03-31":17.87,"2015-03-31":-0.06,"2013-03-31":77.35,"2006-03-31":-0.01,"2012-03-31":2.91,"2017-03-31":-0.02,"2010-03-31":-0.21,"2009-03-31":-0.07,"2007-03-31":0.21}],["Net Cash Flow",{"2008-03-31":-0.08,"2016-03-31":-0.12,"2014-03-31":-0.06,"2011-03-31":0.43,"2015-03-31":0.1,"2013-03-31":-0.01,"2006-03-31":0.04,"2012-03-31":-0.39,"2017-03-31":0.08,"2010-03-31":-0.04,"2009-03-31":0.04,"2007-03-31":-0.01}]],"quarters":[["Sales",{"2016-06-30":0.94,"2016-12-31":0.81,"2017-03-31":1.03,"2017-06-30":1.04,"2015-06-30":0.43,"2015-03-31":0.26,"2017-09-30":0.0,"2015-12-31":0.6,"2016-03-31":1.17,"2017-12-31":0.55,"2016-09-30":1.65,"2015-09-30":0.46}],["Expenses",{"2016-06-30":0.89,"2016-12-31":0.77,"2017-03-31":1.05,"2017-06-30":1.03,"2015-06-30":0.37,"2015-03-31":0.28,"2017-09-30":0.04,"2015-12-31":0.55,"2016-03-31":1.21,"2017-12-31":0.55,"2016-09-30":1.62,"2015-09-30":0.4}],["Operating Profit",{"2016-06-30":0.05,"2016-12-31":0.04,"2017-03-31":-0.02,"2017-06-30":0.01,"2015-06-30":0.06,"2015-03-31":-0.02,"2017-09-30":-0.04,"2015-12-31":0.05,"2016-03-31":-0.04,"2017-12-31":0.0,"2016-09-30":0.03,"2015-09-30":0.06}],["OPM",{"2016-06-30":5.32,"2016-12-31":4.94,"2017-03-31":-1.94,"2017-06-30":0.96,"2015-06-30":13.95,"2015-03-31":-7.69,"2017-09-30":"--","2015-12-31":8.33,"2016-03-31":-3.42,"2017-12-31":0.0,"2016-09-30":1.82,"2015-09-30":13.04}],["Other Income",{"2016-06-30":0.0,"2016-12-31":0.0,"2017-03-31":0.03,"2017-06-30":0.0,"2015-06-30":0.0,"2015-03-31":0.0,"2017-09-30":0.0,"2015-12-31":0.0,"2016-03-31":0.02,"2017-12-31":0.0,"2016-09-30":0.0,"2015-09-30":0.0}],["Depreciation",{"2016-06-30":0.0,"2016-12-31":0.0,"2017-03-31":0.08,"2017-06-30":0.0,"2015-06-30":0.0,"2015-03-31":0.12,"2017-09-30":0.04,"2015-12-31":0.0,"2016-03-31":0.12,"2017-12-31":0.0,"2016-09-30":0.0,"2015-09-30":0.0}],["Interest",{"2016-06-30":0.0,"2016-12-31":0.0,"2017-03-31":0.0,"2017-06-30":0.0,"2015-06-30":0.0,"2015-03-31":0.0,"2017-09-30":0.0,"2015-12-31":0.0,"2016-03-31":0.0,"2017-12-31":0.0,"2016-09-30":0.0,"2015-09-30":0.0}],["Profit before tax",{"2016-06-30":0.05,"2016-12-31":0.04,"2017-03-31":-0.08,"2017-06-30":0.01,"2015-06-30":0.06,"2015-03-31":-0.14,"2017-09-30":-0.08,"2015-12-31":0.06,"2016-03-31":-0.14,"2017-12-31":0.0,"2016-09-30":0.03,"2015-09-30":0.06}],["Tax",{"2016-06-30":0.0,"2016-12-31":0.0,"2017-03-31":0.01,"2017-06-30":0.0,"2015-06-30":0.0,"2015-03-31":0.0,"2017-09-30":0.0,"2015-12-31":0.0,"2016-03-31":-0.08,"2017-12-31":0.0,"2016-09-30":0.0,"2015-09-30":0.0}],["Net Profit",{"2016-06-30":0.05,"2016-12-31":0.04,"2017-03-31":-0.09,"2017-06-30":0.01,"2015-06-30":0.06,"2015-03-31":-0.14,"2017-09-30":-0.08,"2015-12-31":0.06,"2016-03-31":-0.06,"2017-12-31":0.0,"2016-09-30":0.03,"2015-09-30":0.06}]]},"bse_code":"512499","short_name":"Shalimar Prod.","nse_code":"","companyrating_set":[],"annualreport_set":[{"source":"bse","report_date":2017,"link":"http://www.bseindia.com/bseplus/AnnualReport/512499/5124990317.pdf"},{"source":"bse","report_date":2016,"link":"http://www.bseindia.com/bseplus/AnnualReport/512499/5124990316.pdf"},{"source":"bse","report_date":2015,"link":"http://www.bseindia.com/bseplus/AnnualReport/512499/5124990315.pdf"},{"source":"bse","report_date":2014,"link":"http://www.bseindia.com/bseplus/AnnualReport/512499/5124990314.pdf"},{"source":"bse","report_date":2013,"link":"http://www.bseindia.com/bseplus/annualreport/512499/5124990313.pdf"},{"source":"bse","report_date":2012,"link":"http://www.bseindia.com/bseplus/annualreport/512499/5124990312.pdf"},{"source":"bse","report_date":2011,"link":"http://www.bseindia.com/bseplus/annualreport/512499/5124990311.pdf"},{"source":"bse","report_date":2010,"link":"http://www.bseindia.com/bseplus/annualreport/512499/5124990310.pdf"}],"announcement_set":[{"ann_date":"18 Apr 2018","announcement":"Shareholding for the Period Ended March 31, 2018","link":"https://www.bseindia.com/corporates/anndet_new.aspx?newsid\u003d369a1b50-e4b4-4c5c-9937-d6ac27585ca6"},{"ann_date":"10 Apr 2018","announcement":"Compliance Certificate Under Regulation 40(9) Of SEBI (LODR) Regulations, 2015 For The Half Year Ended 31St March, 2018","link":"https://www.bseindia.com/corporates/anndet_new.aspx?newsid\u003dae31043c-b577-4947-aa26-b820aee6c6d9"},{"ann_date":"09 Apr 2018","announcement":"Compliance Certificate For The Period Ended 31St March, 2018.","link":"https://www.bseindia.com/corporates/anndet_new.aspx?newsid\u003d70f97b90-3a0f-4953-b1a8-cc1ab7281a9d"},{"ann_date":"06 Apr 2018","announcement":"Statement Of Investor Complaints For The Quarter Ended March 2018","link":"https://www.bseindia.com/corporates/anndet_new.aspx?newsid\u003d680cf892-7019-405e-8679-525e4f043da8"},{"ann_date":"14 Feb 2018","announcement":"Announcement under Regulation 30 (LODR)-Updates","link":"https://www.bseindia.com/corporates/anndet_new.aspx?newsid\u003dcd144150-ea15-4b2a-b60e-f82d6d21b6c3"}],"warehouse_set":{"high_price":0.49,"low_price":0.49,"sales_growth":-42.67,"current_price":0.49,"dividend_yield":0.0,"face_value":1.0,"id":380,"sales_growth_3years":57.67,"average_return_on_equity_3years":0.06,"book_value":1.03,"status":"Active","sales_growth_10years":5.36,"average_return_on_equity_10years":0.05,"profit_growth":-366.67,"market_capitalization":48.23,"profit_growth_10years":12.98,"price_to_earning":1633.33,"industry":"Other Financial Services","analysis":{"remarks":[],"bad":["Though the company is reporting repeated profits, it is not paying out dividend","Company has low interest coverage ratio.","Promoter holding is low: 17.21%","Company has a low return on equity of 0.06% for last 3 years."],"good":["Company is virtually debt free.","Stock is trading at 0.48 times its book value"]},"result_type":"sa","profit_growth_3years":-42.76,"sales_growth_5years":41.9,"return_on_equity":0.03,"average_return_on_equity_5years":0.04},"id":2958,"name":"Shalimar Productions Ltd","screenerStockPrice":{"prices":[40.48,38.09,37.77,41.12,41.28,41.36,32.32,27.95,13.01,3.26,0.81,0.74,0.69,0.82,1.54,2.25,2.35,2.66,2.52,2.61,2.42,2.47,2.24,2.84,2.78,2.63,2.41,3.6,2.48,2.05,2.06,1.79,1.78,1.26,1.12,0.95,0.89,0.84,0.77,0.59,0.66,0.65,0.69,0.62,0.63,0.59,0.67,0.78,1.27,0.98,0.69,0.7,0.72,0.7,1.22,0.91,1.03,1.29,1.15,2.11,1.42,1.82,1.85,2.97,2.25,1.62,1.47,1.27,1.16,1.2,1.02,1.2,0.97,1.84,2.08,1.15,0.95,0.76,0.88,0.72,0.66,0.5,0.8,1.19,1.26,1.41,1.0,1.5,1.68,1.32,1.54,1.34,1.25,1.72,1.46,1.21,1.27,1.05,1.23,1.3,1.03,1.06,0.96,0.94,0.95,0.96,0.95,1.57,1.98,2.29,2.22,2.39,2.74,3.08,2.64,3.0,2.52,2.81,2.06,1.72,1.34,1.16,1.23,1.11,1.68,1.29,1.41,1.57,1.25,1.27,1.25,1.37,1.19,1.4,1.36,1.23,1.25,1.3,1.51,1.54,1.44,1.5,1.35,1.65,1.76,1.79,1.94,1.85,2.1,2.67,3.46,4.48,5.4,6.98,7.33,6.79,6.21,6.19,6.01,5.2,6.2,8.03,8.35,6.33,7.95,5.14,3.57,2.75,2.51,1.62,1.11,1.05,1.11,0.87,0.61,0.5,0.44,0.81,0.65,0.44,0.33,0.27,0.27,0.28,0.34,0.34,0.34,0.34,0.34,0.34,0.35,0.37,0.38,0.5,0.49,0.49,0.49,0.49,0.49,0.49,0.49,0.49,0.49,0.49,0.49,0.49,0.49,0.49,0.49],"dates":["23 Dec 2003","15 Jan 2004","10 Feb 2004","04 Mar 2004","26 Mar 2004","20 Apr 2004","13 May 2004","04 Jun 2004","28 Jun 2004","20 Jul 2004","11 Aug 2004","02 Sep 2004","24 Sep 2004","18 Oct 2004","10 Nov 2004","06 Dec 2004","28 Dec 2004","19 Jan 2005","14 Feb 2005","08 Mar 2005","31 Mar 2005","25 Apr 2005","17 May 2005","07 Jun 2005","29 Jun 2005","21 Jul 2005","16 Aug 2005","08 Sep 2005","30 Sep 2005","25 Oct 2005","21 Nov 2005","12 Dec 2005","03 Jan 2006","27 Jan 2006","21 Feb 2006","16 Mar 2006","10 Apr 2006","04 May 2006","30 May 2006","21 Jun 2006","13 Jul 2006","04 Aug 2006","29 Aug 2006","20 Sep 2006","13 Oct 2006","07 Nov 2006","29 Nov 2006","21 Dec 2006","16 Jan 2007","09 Feb 2007","06 Mar 2007","30 Mar 2007","25 Apr 2007","21 May 2007","12 Jun 2007","04 Jul 2007","26 Jul 2007","20 Aug 2007","11 Sep 2007","04 Oct 2007","26 Oct 2007","19 Nov 2007","11 Dec 2007","04 Jan 2008","28 Jan 2008","19 Feb 2008","13 Mar 2008","08 Apr 2008","05 May 2008","28 May 2008","19 Jun 2008","11 Jul 2008","04 Aug 2008","27 Aug 2008","19 Sep 2008","15 Oct 2008","07 Nov 2008","04 Dec 2008","30 Dec 2008","22 Jan 2009","16 Feb 2009","13 Mar 2009","08 Apr 2009","06 May 2009","29 May 2009","22 Jun 2009","14 Jul 2009","06 Aug 2009","31 Aug 2009","23 Sep 2009","20 Oct 2009","12 Nov 2009","04 Dec 2009","30 Dec 2009","22 Jan 2010","17 Feb 2010","12 Mar 2010","07 Apr 2010","30 Apr 2010","24 May 2010","15 Jun 2010","07 Jul 2010","30 Jul 2010","25 Aug 2010","17 Sep 2010","11 Oct 2010","03 Nov 2010","26 Nov 2010","21 Dec 2010","12 Jan 2011","04 Feb 2011","28 Feb 2011","23 Mar 2011","18 Apr 2011","11 May 2011","02 Jun 2011","24 Jun 2011","18 Jul 2011","09 Aug 2011","05 Sep 2011","29 Sep 2011","31 Oct 2011","24 Nov 2011","20 Dec 2011","13 Jan 2012","09 Feb 2012","03 Mar 2012","27 Mar 2012","20 Apr 2012","14 May 2012","05 Jun 2012","27 Jun 2012","20 Jul 2012","13 Aug 2012","06 Sep 2012","01 Oct 2012","25 Oct 2012","20 Nov 2012","13 Dec 2012","07 Jan 2013","29 Jan 2013","21 Feb 2013","18 Mar 2013","12 Apr 2013","10 May 2013","06 Jun 2013","28 Jun 2013","22 Jul 2013","14 Aug 2013","06 Sep 2013","01 Oct 2013","25 Oct 2013","19 Nov 2013","11 Dec 2013","03 Jan 2014","27 Jan 2014","18 Feb 2014","13 Mar 2014","04 Apr 2014","05 May 2014","27 May 2014","18 Jun 2014","10 Jul 2014","04 Aug 2014","27 Aug 2014","19 Sep 2014","17 Oct 2014","13 Nov 2014","05 Dec 2014","30 Dec 2014","21 Jan 2015","13 Feb 2015","10 Mar 2015","01 Apr 2015","28 Apr 2015","21 May 2015","12 Jun 2015","06 Jul 2015","28 Jul 2015","19 Aug 2015","10 Sep 2015","07 Oct 2015","30 Oct 2015","24 Nov 2015","17 Dec 2015","11 Jan 2016","05 Feb 2016","15 Mar 2016","08 Apr 2016","11 May 2016","13 Jun 2016","15 Jul 2016","19 Aug 2016","14 Sep 2016","07 Oct 2016","02 Nov 2016","14 Dec 2016","16 Jan 2017","14 Feb 2017","11 Apr 2017","13 Jul 2017","01 Sep 2017","26 Sep 2017","19 Oct 2017","13 Nov 2017","07 Dec 2017","02 Jan 2018","25 Jan 2018","28 Mar 2018"],"id":"2958"},"stockPricesEventDays":{"exRightsStocks":{"20070117":35.79,"20070118":35.79,"20070119":35.79,"20070113":35.79,"20070114":35.79,"20070115":35.79,"20070116":35.79,"20070110":35.79,"20070111":35.79,"20070112":35.79,"20070227":35.79,"20070106":35.79,"20070228":35.79,"20070107":35.79,"20070108":35.79,"20070109":35.79,"20070223":35.79,"20070102":35.79,"20070224":35.79,"20070103":35.79,"20070225":35.79,"20070104":35.79,"20070226":35.79,"20070105":35.79,"20070220":35.79,"20070221":35.79,"20070222":35.79,"20070101":35.79,"20070131":35.79,"20070130":35.79,"20070128":35.79,"20070129":35.79,"20070124":35.79,"20070125":35.79,"20070126":35.79,"20070127":35.79,"20070120":35.79,"20070121":35.79,"20070122":35.79,"20070123":35.79,"20070711":32.93,"20070712":32.73,"20070713":32.97,"20070710":33.0,"20070719":32.92,"20070716":32.88,"20070717":32.61,"20070718":32.7,"20070702":33.92,"20070703":33.48,"20061209":35.79,"20061207":35.79,"20061208":35.79,"20061205":35.79,"20061206":35.79,"20061203":35.79,"20061204":35.79,"20061201":35.79,"20061202":35.79,"20070709":33.03,"20070704":33.1,"20070705":33.03,"20070706":32.52,"20070612":31.37,"20070613":31.72,"20070614":31.5,"20070615":31.77,"20070611":31.8,"20060929":35.79,"20060928":35.79,"20061218":35.79,"20061219":35.79,"20061216":35.79,"20061217":35.79,"20061214":35.79,"20061215":35.79,"20061212":35.79,"20061213":35.79,"20061210":35.79,"20061211":35.79,"20070618":31.56,"20070619":33.38,"20070601":33.62,"20070723":32.67,"20070604":33.11,"20070720":32.84,"20061229":35.79,"20061108":35.79,"20061109":35.79,"20061227":35.79,"20061106":35.79,"20060930":35.79,"20061228":35.79,"20061107":35.79,"20061225":35.79,"20061104":35.79,"20061226":35.79,"20061105":35.79,"20061223":35.79,"20061102":35.79,"20061224":35.79,"20061103":35.79,"20061221":35.79,"20061222":35.79,"20061101":35.79,"20070605":33.72,"20061220":35.79,"20070606":33.11,"20070607":31.88,"20070608":32.52,"20070514":33.75,"20070515":33.46,"20070516":34.8,"20070510":34.01,"20070511":34.02,"20061119":35.79,"20061117":35.79,"20061118":35.79,"20061115":35.79,"20061116":35.79,"20061113":35.79,"20061114":35.79,"20061111":35.79,"20061112":35.79,"20070517":34.32,"20061230":35.79,"20070518":34.39,"20061231":35.79,"20061110":35.79,"20070503":33.79,"20070504":34.27,"20070625":31.85,"20070626":34.18,"20070620":33.6,"20070621":33.14,"20070622":33.13,"20061009":35.79,"20061128":35.79,"20061007":35.79,"20061129":35.79,"20061008":35.79,"20061126":35.79,"20061005":35.79,"20061127":35.79,"20061006":35.79,"20061124":35.79,"20061003":35.79,"20061125":35.79,"20061004":35.79,"20061122":35.79,"20061001":35.79,"20061123":35.79,"20061002":35.79,"20061120":35.79,"20070627":33.53,"20070507":35.05,"20061121":35.79,"20070628":33.27,"20070508":35.02,"20070629":33.33,"20070509":34.67,"20070416":29.53,"20070417":30.33,"20070531":34.02,"20070410":26.6,"20070411":28.09,"20070412":28.14,"20070413":29.13,"20070530":34.0,"20061018":35.79,"20061019":35.79,"20061016":35.79,"20061017":35.79,"20061014":35.79,"20061015":35.79,"20061012":35.79,"20061013":35.79,"20070418":30.87,"20061010":35.79,"20070419":31.59,"20061011":35.79,"20061130":35.79,"20070524":33.98,"20070403":25.96,"20070525":34.46,"20070404":26.07,"20070405":25.98,"20070521":34.12,"20070522":33.48,"20070523":34.01,"20070402":27.27,"20061029":35.79,"20061027":35.79,"20061028":35.79,"20061025":35.79,"20061026":35.79,"20061023":35.79,"20061024":35.79,"20070528":34.72,"20061021":35.79,"20070529":34.79,"20061022":35.79,"20070409":26.42,"20061020":35.79,"20070315":29.01,"20070316":28.08,"20070312":27.33,"20070313":26.85,"20070314":28.55,"20070430":32.96,"20070319":28.58,"20061030":35.79,"20061031":35.79,"20070425":32.22,"20070426":32.05,"20070305":32.59,"20070427":32.02,"20070306":28.97,"20070307":27.8,"20070301":37.87,"20070423":32.3,"20070302":34.51,"20070424":32.59,"20070420":32.13,"20070308":27.12,"20070309":25.99,"20070216":35.79,"20070217":35.79,"20070218":35.79,"20070219":35.79,"20070212":35.79,"20070213":35.79,"20070214":35.79,"20070215":35.79,"20070330":28.05,"20070210":35.79,"20070211":35.79,"20070326":26.77,"20070205":35.79,"20070206":35.79,"20070328":26.18,"20070207":35.79,"20070329":26.99,"20070208":35.79,"20070322":27.26,"20070201":35.79,"20070323":27.28,"20070202":35.79,"20070203":35.79,"20070204":35.79,"20070320":27.68,"20070321":27.61,"20070209":35.79},"anncStocks":{"20050628":35.79,"20050627":35.79,"20050626":35.79,"20050625":35.79,"20050624":35.79,"20050623":35.79,"20050622":35.79,"20050621":35.79,"20050620":35.79,"20060309":35.79,"20051031":35.79,"20060307":35.79,"20060308":35.79,"20060305":35.79,"20060306":35.79,"20060303":35.79,"20060304":35.79,"20060301":35.79,"20060302":35.79,"20050629":35.79,"20050630":35.79,"20060318":35.79,"20060319":35.79,"20060316":35.79,"20060317":35.79,"20060314":35.79,"20060315":35.79,"20060312":35.79,"20060313":35.79,"20060310":35.79,"20060311":35.79,"20060208":35.79,"20060329":35.79,"20060209":35.79,"20060206":35.79,"20060327":35.79,"20060207":35.79,"20060328":35.79,"20060204":35.79,"20060325":35.79,"20060205":35.79,"20060326":35.79,"20060202":35.79,"20060323":35.79,"20060203":35.79,"20060324":35.79,"20060321":35.79,"20060201":35.79,"20060322":35.79,"20060320":35.79,"20060219":35.79,"20060217":35.79,"20060218":35.79,"20060215":35.79,"20060216":35.79,"20060213":35.79,"20060214":35.79,"20060211":35.79,"20060212":35.79,"20060330":35.79,"20060210":35.79,"20060331":35.79,"20060109":35.79,"20060107":35.79,"20060228":35.79,"20060108":35.79,"20060105":35.79,"20060226":35.79,"20060106":35.79,"20060227":35.79,"20060103":35.79,"20060224":35.79,"20060104":35.79,"20060225":35.79,"20060101":35.79,"20060222":35.79,"20060102":35.79,"20060223":35.79,"20060220":35.79,"20060221":35.79,"20060118":35.79,"20060119":35.79,"20060116":35.79,"20060117":35.79,"20060114":35.79,"20060115":35.79,"20060112":35.79,"20060113":35.79,"20060110":35.79,"20060111":35.79,"20060129":35.79,"20060127":35.79,"20060128":35.79,"20060125":35.79,"20060126":35.79,"20060123":35.79,"20060124":35.79,"20060121":35.79,"20060122":35.79,"20060120":35.79,"20060130":35.79,"20060131":35.79,"20050904":35.79,"20050905":35.79,"20050906":35.79,"20050907":35.79,"20050908":35.79,"20050909":35.79,"20050901":35.79,"20050902":35.79,"20050903":35.79,"20050915":35.79,"20050916":35.79,"20050917":35.79,"20050918":35.79,"20050919":35.79,"20051201":35.79,"20051202":35.79,"20051203":35.79,"20051204":35.79,"20051205":35.79,"20051206":35.79,"20051207":35.79,"20050910":35.79,"20051208":35.79,"20050911":35.79,"20051209":35.79,"20050912":35.79,"20050913":35.79,"20050914":35.79,"20050926":35.79,"20050805":35.79,"20050927":35.79,"20050806":35.79,"20050928":35.79,"20050807":35.79,"20050929":35.79,"20050808":35.79,"20050809":35.79,"20051210":35.79,"20051211":35.79,"20051212":35.79,"20051213":35.79,"20051214":35.79,"20051215":35.79,"20051216":35.79,"20051217":35.79,"20050920":35.79,"20051218":35.79,"20050921":35.79,"20051219":35.79,"20050922":35.79,"20050801":35.79,"20050923":35.79,"20050802":35.79,"20050924":35.79,"20050803":35.79,"20050925":35.79,"20050804":35.79,"20050816":35.79,"20050817":35.79,"20050818":35.79,"20050819":35.79,"20051220":35.79,"20051221":35.79,"20051222":35.79,"20051101":35.79,"20051223":35.79,"20051102":35.79,"20051224":35.79,"20051103":35.79,"20051225":35.79,"20051104":35.79,"20051226":35.79,"20051105":35.79,"20051227":35.79,"20051106":35.79,"20050930":35.79,"20051228":35.79,"20051107":35.79,"20050810":35.79,"20051229":35.79,"20051108":35.79,"20050811":35.79,"20051109":35.79,"20050812":35.79,"20050813":35.79,"20050814":35.79,"20050815":35.79,"20050827":35.79,"20050706":35.79,"20050828":35.79,"20050707":35.79,"20050829":35.79,"20050708":35.79,"20050709":35.79,"20051230":35.79,"20051231":35.79,"20051110":35.79,"20051111":35.79,"20051112":35.79,"20051113":35.79,"20051114":35.79,"20051115":35.79,"20051116":35.79,"20051117":35.79,"20050820":35.79,"20051118":35.79,"20050821":35.79,"20051119":35.79,"20050822":35.79,"20050701":35.79,"20050823":35.79,"20050702":35.79,"20050824":35.79,"20050703":35.79,"20050825":35.79,"20050704":35.79,"20050826":35.79,"20050705":35.79,"20050717":35.79,"20050718":35.79,"20050719":35.79,"20051120":35.79,"20051121":35.79,"20051122":35.79,"20051001":35.79,"20051123":35.79,"20051002":35.79,"20051124":35.79,"20051003":35.79,"20051125":35.79,"20051004":35.79,"20051126":35.79,"20051005":35.79,"20051127":35.79,"20051006":35.79,"20050830":35.79,"20051128":35.79,"20051007":35.79,"20050831":35.79,"20050710":35.79,"20051129":35.79,"20051008":35.79,"20050711":35.79,"20051009":35.79,"20050712":35.79,"20050713":35.79,"20050714":35.79,"20050715":35.79,"20050716":35.79,"20050728":35.79,"20050729":35.79,"20060408":35.79,"20060409":35.79,"20051130":35.79,"20060406":35.79,"20051010":35.79,"20060407":35.79,"20051011":35.79,"20060404":35.79,"20051012":35.79,"20060405":35.79,"20051013":35.79,"20060402":35.79,"20051014":35.79,"20060403":35.79,"20051015":35.79,"20051016":35.79,"20060401":35.79,"20051017":35.79,"20050720":35.79,"20051018":35.79,"20050721":35.79,"20051019":35.79,"20050722":35.79,"20050723":35.79,"20050724":35.79,"20050725":35.79,"20050726":35.79,"20050727":35.79,"20051030":35.79,"20051020":35.79,"20051021":35.79,"20051022":35.79,"20051023":35.79,"20051024":35.79,"20051025":35.79,"20051026":35.79,"20060411":35.79,"20051027":35.79,"20050730":35.79,"20060412":35.79,"20051028":35.79,"20050731":35.79,"20051029":35.79,"20060410":35.79,"20050619":35.79,"20050618":35.79},"recordStocks":{"20070117":35.79,"20070118":35.79,"20070119":35.79,"20070113":35.79,"20070114":35.79,"20070115":35.79,"20070116":35.79,"20070110":35.79,"20070111":35.79,"20070112":35.79,"20070227":35.79,"20070106":35.79,"20070228":35.79,"20070107":35.79,"20070108":35.79,"20070109":35.79,"20070223":35.79,"20070102":35.79,"20070224":35.79,"20070103":35.79,"20070225":35.79,"20070104":35.79,"20070226":35.79,"20070105":35.79,"20070220":35.79,"20070221":35.79,"20070222":35.79,"20070101":35.79,"20070131":35.79,"20070130":35.79,"20070128":35.79,"20070129":35.79,"20070124":35.79,"20070125":35.79,"20070126":35.79,"20070127":35.79,"20070120":35.79,"20070121":35.79,"20070122":35.79,"20070123":35.79,"20070711":32.93,"20070712":32.73,"20070713":32.97,"20070710":33.0,"20070719":32.92,"20070716":32.88,"20070717":32.61,"20070718":32.7,"20070702":33.92,"20070703":33.48,"20061209":35.79,"20061207":35.79,"20061208":35.79,"20061205":35.79,"20061206":35.79,"20061203":35.79,"20061204":35.79,"20061201":35.79,"20061202":35.79,"20070709":33.03,"20070704":33.1,"20070705":33.03,"20070706":32.52,"20070612":31.37,"20070613":31.72,"20070614":31.5,"20070615":31.77,"20070611":31.8,"20061218":35.79,"20061219":35.79,"20061216":35.79,"20061217":35.79,"20061214":35.79,"20061215":35.79,"20061212":35.79,"20061213":35.79,"20061210":35.79,"20061211":35.79,"20070618":31.56,"20070619":33.38,"20070601":33.62,"20070723":32.67,"20070724":32.86,"20070604":33.11,"20070725":32.74,"20070720":32.84,"20061229":35.79,"20061108":35.79,"20061109":35.79,"20061227":35.79,"20061106":35.79,"20061228":35.79,"20061107":35.79,"20061225":35.79,"20061104":35.79,"20061226":35.79,"20061105":35.79,"20061223":35.79,"20061102":35.79,"20061224":35.79,"20061103":35.79,"20061221":35.79,"20061222":35.79,"20061101":35.79,"20070605":33.72,"20070726":32.42,"20070606":33.11,"20061220":35.79,"20070727":31.36,"20070607":31.88,"20070608":32.52,"20070514":33.75,"20070515":33.46,"20070516":34.8,"20070510":34.01,"20070511":34.02,"20061119":35.79,"20061117":35.79,"20061118":35.79,"20061115":35.79,"20061116":35.79,"20061113":35.79,"20061114":35.79,"20061111":35.79,"20061112":35.79,"20070517":34.32,"20061230":35.79,"20070518":34.39,"20061231":35.79,"20061110":35.79,"20070503":33.79,"20070504":34.27,"20070625":31.85,"20070626":34.18,"20070620":33.6,"20070621":33.14,"20070622":33.13,"20061009":35.79,"20061128":35.79,"20061007":35.79,"20061129":35.79,"20061008":35.79,"20061126":35.79,"20061005":35.79,"20061127":35.79,"20061006":35.79,"20061124":35.79,"20061003":35.79,"20061125":35.79,"20061004":35.79,"20061122":35.79,"20061123":35.79,"20061120":35.79,"20070627":33.53,"20070507":35.05,"20061121":35.79,"20070628":33.27,"20070508":35.02,"20070629":33.33,"20070509":34.67,"20070416":29.53,"20070417":30.33,"20070531":34.02,"20070410":26.6,"20070411":28.09,"20070412":28.14,"20070413":29.13,"20070530":34.0,"20061018":35.79,"20061019":35.79,"20061016":35.79,"20061017":35.79,"20061014":35.79,"20061015":35.79,"20061012":35.79,"20061013":35.79,"20070418":30.87,"20061010":35.79,"20070419":31.59,"20061011":35.79,"20061130":35.79,"20070524":33.98,"20070403":25.96,"20070525":34.46,"20070404":26.07,"20070405":25.98,"20070521":34.12,"20070522":33.48,"20070523":34.01,"20070402":27.27,"20061029":35.79,"20061027":35.79,"20061028":35.79,"20061025":35.79,"20061026":35.79,"20061023":35.79,"20061024":35.79,"20070528":34.72,"20061021":35.79,"20070529":34.79,"20061022":35.79,"20070409":26.42,"20061020":35.79,"20070315":29.01,"20070316":28.08,"20070312":27.33,"20070313":26.85,"20070314":28.55,"20070430":32.96,"20070319":28.58,"20061030":35.79,"20061031":35.79,"20070425":32.22,"20070426":32.05,"20070305":32.59,"20070427":32.02,"20070306":28.97,"20070307":27.8,"20070301":37.87,"20070423":32.3,"20070302":34.51,"20070424":32.59,"20070420":32.13,"20070308":27.12,"20070309":25.99,"20070216":35.79,"20070217":35.79,"20070218":35.79,"20070219":35.79,"20070212":35.79,"20070213":35.79,"20070214":35.79,"20070215":35.79,"20070330":28.05,"20070210":35.79,"20070211":35.79,"20070326":26.77,"20070205":35.79,"20070206":35.79,"20070328":26.18,"20070207":35.79,"20070329":26.99,"20070208":35.79,"20070322":27.26,"20070201":35.79,"20070323":27.28,"20070202":35.79,"20070203":35.79,"20070204":35.79,"20070320":27.68,"20070321":27.61,"20070209":35.79}},"excelBean":{"Company":"Shalimar Prod","Rights_Ratio":"27:100","FV":1,"Premium":0,"Announced":"22-02-06","Record":"9/6/2007","Ex_Rights":"4/6/2007","Hyperlink":"http://www.moneycontrol.com/stocks/company_info/pricechart.php?sc_did\u003dSP37"}}