{"prime":"sa","number_set":{"balancesheet":[["Share Capital",{"2017-03-31":1.29,"2014-03-31":0.51,"2015-03-31":0.97,"2013-03-31":0.52,"2012-03-31":0.52,"2016-03-31":1.11}],["Reserves",{"2017-03-31":-0.44,"2014-03-31":0.12,"2015-03-31":-0.25,"2013-03-31":0.12,"2012-03-31":0.17,"2016-03-31":-0.42}],["Borrowings",{"2017-03-31":0.0,"2014-03-31":0.0,"2015-03-31":0.0,"2013-03-31":0.0,"2012-03-31":0.0,"2016-03-31":0.0}],["Other Liabilities",{"2017-03-31":-0.01,"2014-03-31":0.0,"2015-03-31":0.01,"2013-03-31":0.0,"2012-03-31":0.05,"2016-03-31":0.0}],["Total Liabilities",{"2017-03-31":0.84,"2014-03-31":0.63,"2015-03-31":0.73,"2013-03-31":0.64,"2012-03-31":0.74,"2016-03-31":0.69}],["Fixed Assets",{"2017-03-31":0.0,"2014-03-31":0.0,"2015-03-31":0.0,"2013-03-31":0.0,"2012-03-31":0.0,"2016-03-31":0.0}],["CWIP",{"2017-03-31":0.0,"2014-03-31":0.0,"2015-03-31":0.0,"2013-03-31":0.0,"2012-03-31":0.0,"2016-03-31":0.0}],["Investments",{"2017-03-31":0.04,"2014-03-31":0.36,"2015-03-31":0.66,"2013-03-31":0.36,"2012-03-31":0.36,"2016-03-31":0.53}],["Other Assets",{"2017-03-31":0.8,"2014-03-31":0.27,"2015-03-31":0.07,"2013-03-31":0.28,"2012-03-31":0.38,"2016-03-31":0.16}],["Total Assets",{"2017-03-31":0.84,"2014-03-31":0.63,"2015-03-31":0.73,"2013-03-31":0.64,"2012-03-31":0.74,"2016-03-31":0.69}]],"annual":[["Sales",{"2017-03-31":0.0,"2014-03-31":0.0,"2015-03-31":0.0,"2013-03-31":0.0,"2012-03-31":0.0,"2016-03-31":0.0}],["Expenses",{"2017-03-31":0.16,"2014-03-31":0.01,"2015-03-31":0.37,"2013-03-31":0.04,"2012-03-31":0.43,"2016-03-31":0.2}],["Operating Profit",{"2017-03-31":-0.16,"2014-03-31":-0.01,"2015-03-31":-0.37,"2013-03-31":-0.04,"2012-03-31":-0.43,"2016-03-31":-0.2}],["OPM",{"2017-03-31":"--","2014-03-31":"--","2015-03-31":"--","2013-03-31":"--","2012-03-31":"--","2016-03-31":"--"}],["Other Income",{"2017-03-31":0.14,"2014-03-31":0.0,"2015-03-31":0.0,"2013-03-31":0.0,"2012-03-31":0.03,"2016-03-31":0.04}],["Interest",{"2017-03-31":0.0,"2014-03-31":0.0,"2015-03-31":0.01,"2013-03-31":0.0,"2012-03-31":0.0,"2016-03-31":0.0}],["Depreciation",{"2017-03-31":0.0,"2014-03-31":0.0,"2015-03-31":0.0,"2013-03-31":0.0,"2012-03-31":0.02,"2016-03-31":0.0}],["Profit before tax",{"2017-03-31":-0.02,"2014-03-31":-0.01,"2015-03-31":-0.37,"2013-03-31":-0.05,"2012-03-31":-0.42,"2016-03-31":-0.16}],["Tax",{"2017-03-31":0.0,"2014-03-31":0.0,"2015-03-31":0.0,"2013-03-31":0.0,"2012-03-31":0.0,"2016-03-31":0.0}],["Net Profit",{"2017-03-31":-0.02,"2014-03-31":-0.01,"2015-03-31":-0.37,"2013-03-31":-0.05,"2012-03-31":-0.42,"2016-03-31":-0.16}],["EPS (unadj)",{"2017-03-31":0.0,"2014-03-31":0.0,"2015-03-31":0.0,"2013-03-31":0.0,"2012-03-31":0.0,"2016-03-31":0.0}],["Dividend Payout",{"2017-03-31":-0.0,"2014-03-31":-0.0,"2015-03-31":-0.0,"2013-03-31":-0.0,"2012-03-31":-0.0,"2016-03-31":-0.0}]],"cashflow":[["Cash from Operating Activity",{"2017-03-31":-0.11,"2014-03-31":0.0,"2015-03-31":-0.37,"2013-03-31":0.05,"2016-03-31":-0.17}],["Cash from Investing Activity",{"2017-03-31":0.58,"2014-03-31":0.0,"2015-03-31":-0.3,"2013-03-31":0.02,"2016-03-31":0.13}],["Cash from Financing Activity",{"2017-03-31":0.18,"2014-03-31":0.0,"2015-03-31":0.45,"2013-03-31":0.0,"2016-03-31":0.13}],["Net Cash Flow",{"2017-03-31":0.64,"2014-03-31":0.0,"2015-03-31":-0.22,"2013-03-31":0.07,"2016-03-31":0.1}]],"quarters":[["Sales",{"2016-06-30":0.02,"2016-12-31":0.0,"2017-03-31":0.0,"2017-06-30":0.0,"2015-06-30":0.03,"2015-03-31":0.0,"2017-09-30":0.0,"2015-12-31":0.0,"2016-03-31":0.0,"2017-12-31":0.0,"2016-09-30":0.0,"2015-09-30":0.0}],["Expenses",{"2016-06-30":0.07,"2016-12-31":0.02,"2017-03-31":0.02,"2017-06-30":0.05,"2015-06-30":0.04,"2015-03-31":0.06,"2017-09-30":0.03,"2015-12-31":0.02,"2016-03-31":0.05,"2017-12-31":0.03,"2016-09-30":0.05,"2015-09-30":0.1}],["Operating Profit",{"2016-06-30":-0.05,"2016-12-31":-0.02,"2017-03-31":-0.02,"2017-06-30":-0.05,"2015-06-30":-0.01,"2015-03-31":-0.06,"2017-09-30":-0.03,"2015-12-31":-0.02,"2016-03-31":-0.05,"2017-12-31":-0.03,"2016-09-30":-0.05,"2015-09-30":-0.1}],["OPM",{"2016-06-30":-250.0,"2016-12-31":"--","2017-03-31":"--","2017-06-30":"--","2015-06-30":-33.33,"2015-03-31":"--","2017-09-30":"--","2015-12-31":"--","2016-03-31":"--","2017-12-31":"--","2016-09-30":"--","2015-09-30":"--"}],["Other Income",{"2016-06-30":0.08,"2016-12-31":0.01,"2017-03-31":0.02,"2017-06-30":0.02,"2015-06-30":0.0,"2015-03-31":0.0,"2017-09-30":0.02,"2015-12-31":0.0,"2016-03-31":0.0,"2017-12-31":0.02,"2016-09-30":0.0,"2015-09-30":0.0}],["Depreciation",{"2016-06-30":0.0,"2016-12-31":0.0,"2017-03-31":0.0,"2017-06-30":0.0,"2015-06-30":0.0,"2015-03-31":0.0,"2017-09-30":0.0,"2015-12-31":0.0,"2016-03-31":0.0,"2017-12-31":0.0,"2016-09-30":0.0,"2015-09-30":0.0}],["Interest",{"2016-06-30":0.0,"2016-12-31":0.0,"2017-03-31":0.0,"2017-06-30":0.0,"2015-06-30":0.0,"2015-03-31":0.01,"2017-09-30":0.0,"2015-12-31":0.0,"2016-03-31":0.0,"2017-12-31":0.0,"2016-09-30":0.0,"2015-09-30":0.0}],["Profit before tax",{"2016-06-30":0.03,"2016-12-31":-0.01,"2017-03-31":-0.01,"2017-06-30":-0.03,"2015-06-30":0.0,"2015-03-31":-0.07,"2017-09-30":-0.02,"2015-12-31":-0.02,"2016-03-31":-0.04,"2017-12-31":-0.01,"2016-09-30":-0.04,"2015-09-30":-0.1}],["Tax",{"2016-06-30":0.01,"2016-12-31":0.0,"2017-03-31":0.0,"2017-06-30":0.0,"2015-06-30":0.0,"2015-03-31":0.0,"2017-09-30":0.0,"2015-12-31":0.0,"2016-03-31":0.0,"2017-12-31":0.0,"2016-09-30":-0.01,"2015-09-30":0.0}],["Net Profit",{"2016-06-30":0.02,"2016-12-31":-0.01,"2017-03-31":-0.01,"2017-06-30":-0.03,"2015-06-30":0.0,"2015-03-31":-0.07,"2017-09-30":-0.02,"2015-12-31":-0.02,"2016-03-31":-0.04,"2017-12-31":-0.01,"2016-09-30":-0.03,"2015-09-30":-0.1}]]},"bse_code":"504273","short_name":"Tumus Electric","nse_code":"","companyrating_set":[],"annualreport_set":[{"source":"bse","report_date":2017,"link":"http://www.bseindia.com/bseplus/AnnualReport/504273/5042730317.pdf"},{"source":"bse","report_date":2016,"link":"http://www.bseindia.com/bseplus/AnnualReport/504273/5042730316.pdf"},{"source":"bse","report_date":2015,"link":"http://www.bseindia.com/bseplus/AnnualReport/504273/5042730315.pdf"},{"source":"bse","report_date":2014,"link":"http://www.bseindia.com/bseplus/AnnualReport/504273/5042730314.pdf"},{"source":"bse","report_date":2013,"link":"http://www.bseindia.com/bseplus/AnnualReport/504273/5042730313.pdf"},{"source":"bse","report_date":2012,"link":"http://www.bseindia.com/bseplus/AnnualReport/504273/5042730312.pdf"},{"source":"bse","report_date":2011,"link":"http://www.bseindia.com/bseplus/AnnualReport/504273/5042730311.pdf"},{"source":"bse","report_date":2010,"link":"http://www.bseindia.com/bseplus/AnnualReport/504273/5042730310.pdf"}],"announcement_set":[{"ann_date":"25 Apr 2018","announcement":"Compliance Of Regulation 7(3) Of The SEBI (Listing Obligations And Disclosure Requirements), Regulations, 2015 For The Half Year Ended On March 31,2018","link":"https://www.bseindia.com/corporates/anndet_new.aspx?newsid\u003d0aaae647-dbfc-46b0-bdc1-49be09b20c51"},{"ann_date":"24 Apr 2018","announcement":"Voting Results Of Postal Ballot And E-Voting","link":"https://www.bseindia.com/corporates/anndet_new.aspx?newsid\u003d0e85713e-4a9f-420a-b22c-2aa700f0d127"},{"ann_date":"23 Apr 2018","announcement":"Disclosure of Voting results of Postal Ballot (Regulation 44(3) of SEBI (LODR) Regulations, 2015)","link":"https://www.bseindia.com/corporates/anndet_new.aspx?newsid\u003df529c560-89cb-4928-a5f3-7ff0d0e8136f"},{"ann_date":"21 Apr 2018","announcement":"Certificate Under Regulation 40(9) Of SEBI (Listing Obligations And Disclosure Requirements) Regulations, 2015 For The Half Year Ended March 31, 2018.","link":"https://www.bseindia.com/corporates/anndet_new.aspx?newsid\u003d664a2de1-e15a-45cd-961d-d4c50d132af7"},{"ann_date":"19 Apr 2018","announcement":"Shareholding for the Period Ended March 31, 2018","link":"https://www.bseindia.com/corporates/anndet_new.aspx?newsid\u003d94616f3f-dbf2-45d3-96fd-1c35cd663ff8"}],"warehouse_set":{"high_price":75.9,"low_price":32.0,"sales_growth":-100.0,"current_price":58.85,"dividend_yield":0.0,"face_value":10.0,"id":4988086,"average_return_on_equity_3years":-29.28,"book_value":6.14,"status":"Active","pair_url":"/company/504273/consolidated","profit_growth":-16.67,"market_capitalization":7.57,"industry":"Other Elect.Equip./ Prod.","analysis":{"remarks":[],"bad":["Stock is trading at 9.58 times its book value","Company has low interest coverage ratio.","Company has a low return on equity of -29.28% for last 3 years."],"good":["Company is virtually debt free.","Promoter\u0027s stake has increased"]},"result_type":"sa","return_on_equity":-12.99,"average_return_on_equity_5years":-20.39},"id":1267825,"name":"Tumus Electric Corporation Ltd","screenerStockPrice":{"prices":[12.5,13.12,13.77,14.45,15.17,15.92,16.7,17.5,18.35,19.25,20.2,21.2,22.25,23.35,24.5,25.7,26.95,28.25,29.65,31.1,32.65,34.25,32.55,30.95,32.45,32.0,33.6,35.25,37.0,38.85,40.75,42.75,44.85,47.05,49.4,50.5,50.5,50.5,53.0,55.65,58.4,61.3,64.35,67.55,70.9,71.2,71.2,71.2,71.2,71.2,74.75,75.9,75.9,75.9,75.9,75.9,75.9,75.9,75.9,75.9,75.9,72.15,68.55,65.15,61.9,58.85],"dates":["27 Jan 2015","03 Feb 2015","09 Feb 2015","11 Feb 2015","16 Feb 2015","19 Feb 2015","06 Apr 2015","17 Apr 2015","04 May 2015","08 May 2015","18 May 2015","22 May 2015","29 May 2015","18 Jun 2015","20 Jul 2015","22 Jul 2015","17 Aug 2015","27 Aug 2015","03 Sep 2015","01 Oct 2015","07 Oct 2015","09 Oct 2015","03 Nov 2015","19 Nov 2015","29 Sep 2017","03 Oct 2017","09 Oct 2017","11 Oct 2017","24 Oct 2017","09 Nov 2017","01 Dec 2017","04 Dec 2017","06 Dec 2017","07 Dec 2017","12 Dec 2017","13 Dec 2017","15 Dec 2017","19 Dec 2017","02 Jan 2018","09 Jan 2018","11 Jan 2018","12 Jan 2018","15 Jan 2018","16 Jan 2018","17 Jan 2018","18 Jan 2018","19 Jan 2018","22 Jan 2018","23 Jan 2018","31 Jan 2018","01 Feb 2018","05 Feb 2018","06 Feb 2018","08 Feb 2018","09 Feb 2018","12 Feb 2018","20 Feb 2018","22 Feb 2018","26 Feb 2018","06 Mar 2018","08 Mar 2018","12 Mar 2018","21 Mar 2018","05 Apr 2018","20 Apr 2018","30 Apr 2018"],"id":"1267825"},"stockPricesEventDays":{"exRightsStocks":{"20141120":12.5,"20141117":12.5,"20141116":12.5,"20141115":12.5,"20141114":12.5,"20141113":12.5,"20141112":12.5,"20141111":12.5,"20141110":12.5,"20141231":12.5,"20141119":12.5,"20141118":12.5,"20141230":12.5,"20141031":12.5,"20141030":12.5,"20141106":12.5,"20141029":12.5,"20141227":12.5,"20141105":12.5,"20141028":12.5,"20141226":12.5,"20141104":12.5,"20141027":12.5,"20141225":12.5,"20141103":12.5,"20141026":12.5,"20141224":12.5,"20141102":12.5,"20141223":12.5,"20141101":12.5,"20141222":12.5,"20141221":12.5,"20141220":12.5,"20141109":12.5,"20141108":12.5,"20141229":12.5,"20141107":12.5,"20141228":12.5,"20141216":12.5,"20141215":12.5,"20141214":12.5,"20141213":12.5,"20141212":12.5,"20141211":12.5,"20141210":12.5,"20141219":12.5,"20141218":12.5,"20141217":12.5,"20150101":12.5,"20150102":12.5,"20150103":12.5,"20150104":12.5,"20141130":12.5,"20141205":12.5,"20141128":12.5,"20141204":12.5,"20141127":12.5,"20141203":12.5,"20141126":12.5,"20141202":12.5,"20141125":12.5,"20141201":12.5,"20141124":12.5,"20141123":12.5,"20141122":12.5,"20141121":12.5,"20141209":12.5,"20141208":12.5,"20141207":12.5,"20141206":12.5,"20141129":12.5},"anncStocks":{"20140908":12.5,"20140909":12.5,"20140708":12.5,"20140829":12.5,"20140906":12.5,"20140709":12.5,"20140907":12.5,"20140820":12.5,"20140827":12.5,"20140904":12.5,"20140828":12.5,"20140905":12.5,"20140825":12.5,"20140902":12.5,"20140826":12.5,"20140903":12.5,"20140823":12.5,"20140824":12.5,"20140901":12.5,"20140821":12.5,"20140822":12.5,"20140818":12.5,"20140819":12.5,"20140731":12.5,"20140730":12.5,"20140816":12.5,"20140817":12.5,"20140814":12.5,"20140815":12.5,"20140812":12.5,"20140813":12.5,"20140810":12.5,"20140811":12.5,"20140809":12.5,"20140807":12.5,"20140808":12.5,"20140720":12.5,"20140721":12.5,"20140805":12.5,"20140728":12.5,"20140806":12.5,"20140729":12.5,"20140803":12.5,"20140726":12.5,"20140804":12.5,"20140727":12.5,"20140801":12.5,"20140724":12.5,"20140802":12.5,"20140725":12.5,"20140722":12.5,"20140723":12.5,"20140719":12.5,"20140830":12.5,"20140710":12.5,"20140831":12.5,"20140717":12.5,"20140915":12.5,"20140718":12.5,"20140916":12.5,"20140715":12.5,"20140913":12.5,"20140716":12.5,"20140914":12.5,"20140713":12.5,"20140911":12.5,"20140714":12.5,"20140912":12.5,"20140711":12.5,"20140712":12.5,"20140910":12.5},"recordStocks":{"20141120":12.5,"20141117":12.5,"20141116":12.5,"20141115":12.5,"20141114":12.5,"20141113":12.5,"20141112":12.5,"20141111":12.5,"20141110":12.5,"20141231":12.5,"20141119":12.5,"20141118":12.5,"20141230":12.5,"20141031":12.5,"20141030":12.5,"20141106":12.5,"20141029":12.5,"20141227":12.5,"20141105":12.5,"20141226":12.5,"20141104":12.5,"20141225":12.5,"20141103":12.5,"20141224":12.5,"20141102":12.5,"20141223":12.5,"20141101":12.5,"20141222":12.5,"20141221":12.5,"20141220":12.5,"20141109":12.5,"20141108":12.5,"20141229":12.5,"20141107":12.5,"20141228":12.5,"20141216":12.5,"20141215":12.5,"20141214":12.5,"20141213":12.5,"20141212":12.5,"20141211":12.5,"20141210":12.5,"20141219":12.5,"20141218":12.5,"20141217":12.5,"20150101":12.5,"20150102":12.5,"20150103":12.5,"20150104":12.5,"20141130":12.5,"20150105":12.5,"20150106":12.5,"20150107":12.5,"20141205":12.5,"20141128":12.5,"20141204":12.5,"20141127":12.5,"20141203":12.5,"20141126":12.5,"20141202":12.5,"20141125":12.5,"20141201":12.5,"20141124":12.5,"20141123":12.5,"20141122":12.5,"20141121":12.5,"20141209":12.5,"20141208":12.5,"20141207":12.5,"20141206":12.5,"20141129":12.5}}}